2802 3280
1241 214 1461 280 (l)

1148 436 1557 488 LIVIUS

1078 523 1208 563 xxx.
1268 538 1378 578 cap.
1426 525 1462 562 1.
1523 519 1668 578 §.stx

335 592 511 663 Livius
541 633 667 660 novos
683 618 937 674 magistratus
969 630 1076 656 anno
1107 624 1222 656 sexto
1252 616 1410 655 decimo
1438 615 1534 658 belli
1553 616 1697 656 Punici
1725 616 1888 657 alterius
1916 624 2071 657 creatos
2099 631 2314 659 recensens
2342 619 2392 659 de
2415 621 2458 660 Ρ.

237 704 422 751 Licinio,
454 701 524 753 qui
555 696 782 737 Proconsul
814 697 857 736 in
885 694 1064 735 Bruttiis
1089 709 1181 733 cum
1212 694 1390 733 exercitu
1421 701 1507 733 erat
1535 693 1618 743 (csi-
1646 695 1793 734 XXIX.
1825 697 1940 747 36.),
1983 702 2024 734 et
2055 695 2121 735 cui
2147 697 2390 737 succedebat
2418 699 2462 737 P.

238 778 527 832 Sempronius,
558 757 614 813 ita
641 773 806 813 scribit:
837 776 888 814 is
918 774 1151 813 Romam
1180 781 1586 818 reverteretur,
1616 771 1770 813 bello
1798 787 2005 827 quoque
2033 773 2200 814 bonus
2226 775 2464 816 habitus

241 859 311 898 ad
340 870 440 897 cae
457 865 603 894 tera.
659 851 722 889 De
752 849 873 902 hujus
899 847 981 886 loci
1010 846 1250 886 subobscuri
1279 860 1397 885 sensu
1427 843 1597 885 multum
1627 845 1851 886 laboratum
1881 843 1942 887 est
1967 848 2075 888 inter
2100 849 2356 901 interpretes,
2386 851 2459 892 cfr.

240 932 558 976 Drakenborch
576 957 590 975 ‚
620 942 702 980 quo
732 932 923 966 monente
952 932 1063 964 recte
1091 923 1239 963 viderit
1269 921 1526 972 Crevierius,
1553 922 1622 976 qui
1652 922 1774 963 verba
1802 927 1865 967 ad
1890 937 2066 968 caetera
2094 925 2260 978 exponit
2287 938 2464 981 praeter

243 1020 443 1053 caeteras
469 1007 624 1049 laudes
651 1016 695 1047 et
721 1013 998 1047 ornamenta.
1056 988 1123 1041 Sic
1151 1014 1250 1041 vero
1279 1006 1577 1041 sensus-esset:
1612 999 1821 1041 »Licinius
1845 1009 2124 1055 praeterquam
2154 1002 2262 1056 quod
2296 1004 2463 1045 caeteris

241 1085 456 1125 »laudibus
486 1091 526 1123 et
557 1081 804 1120 ornamentis
834 1080 1004 1133 insignis
1035 1086 1141 1127 erat,
1188 1093 1271 1117 non
1301 1077 1433 1117 minus
1467 1076 1575 1117 bello
1611 1091 1774 1130 quoque
1810 1077 1940 1120 bonus
1977 1078 2138 1119 babitus
2168 1087 2238 1119 est.
2250 1098 2270 1115 «
2325 1081 2381 1120 At
2408 1082 2463 1121 ita

243 1164 361 1204 nobis
393 1158 752 1213 interpretantibus
782 1172 864 1197 non
893 1163 1026 1210 potest
1052 1169 1134 1194 non
1166 1154 1420 1195 manifestum
1450 1168 1565 1204 esse,
1596 1155 1778 1204 Livium,
1820 1155 1942 1194 multa
1974 1155 2151 1196 breviter
2178 1157 2367 1206 narrandi
2396 1172 2462 1198 ce-

243 1242 400 1280 leritate
432 1236 600 1289 quadam
631 1236 870 1288 abreptum,
903 1240 1042 1273 contra
1070 1232 1242 1285 logicas,
1283 1245 1379 1283 quas
1410 1230 1568 1280 dicunt,
1600 1231 1804 1285 cogitandi
1837 1245 1882 1271 ac
1919 1232 2142 1272 disserendi
2180 1233 2288 1287 leges
2321 1234 2462 1287 paulu·
2510 1260 2513 1262 >

242 1318 326 1356 lum
357 1326 564 1368 peccasse:
596 1312 771 1350 etenium
807 1310 932 1362 siquis
961 1316 1115 1356 narrat,
1147 1308 1346 1347 Licinium
1376 1306 1423 1345 ab
1454 1307 1633 1345 exercitu
1679 1314 1718 1345 et
1761 1321 1782 1346 a
1820 1307 1927 1347 bello
1957 1316 2164 1348 avocatum
2196 1323 2306 1358 esse,
2344 1318 2463 1364 atque
2530 1349 2534 1353 ,

242 1405 516 1438 successorem
546 1388 757 1435 habuisse,
806 1400 888 1425 non
921 1393 1053 1438 potest
1083 1385 1189 1423 idem
1221 1385 1274 1423 ita
1304 1383 1423 1436 liujus
1452 1383 1721 1423 revocationis
1750 1385 1947 1424 rationem
1977 1386 2146 1425 reddere
2177 1387 2259 1425 sive
2290 1387 2463 1441 explica-

242 1473 396 1510 tionem
428 1466 623 1520 quandam
649 1463 931 1516 -subjungcre,
961 1469 1006 1500 ut
1035 1461 1159 1509 dicat,
1185 1461 1385 1500 Licinium
1416 1468 1576 1514 praeter
1610 1451 1948 1503 caeteraslaudes
1979 1471 2018 1503 et
2047 1469 2203 1504 caetera
2231 1453 2464 1519 orn-amenta

244 1550 286 1589 in
318 1562 361 1587 re
392 1543 557 1585 militari
589 1555 751 1595 quoqne
781 1539 941 1579 laudem
988 1538 1231 1584 obtinuisse;
1270 1551 1410 1577 verum
1449 1537 1606 1577 inversa
1642 1539 1838 1579 sententia
1880 1540 2094 1583 dicendum
2133 1547 2220 1590 est,
2263 1542 2462 1582 Licinium

245 1633 407 1681 praeter
436 1622 497 1662 rei
529 1620 711 1659 militaris
744 1618 900 1657 laudem
931 1616 1024 1655 alias
1054 1629 1215 1669 quoque
1249 1615 1384 1654 laudes
1416 1622 1456 1653 et
1493 1615 1567 1655 alia
1606 1625 1839 1657 ornamenta
1877 1617 2036 1659 habere.
2105 1617 2286 1671 Namque
2324 1619 2463 1660 absur-
2502 1603 2504 1605 >

251 1705 348 1743 dum
380 1707 484 1740 esset
513 1698 698 1737 revocari
727 1697 899 1749 aliquem
931 1708 952 1732 a
981 1694 1114 1742 bello,
1143 1700 1356 1747 propterca
1385 1693 1494 1745 quod
1524 1707 1613 1739 cnm
1645 1692 1731 1731 aliis
1760 1691 1942 1730 laudibus
1972 1700 2056 1730 tum
2085 1691 2227 1734 bellica
2255 1696 2404 1736 virtute
2425 1706 2466 1738 et

245 1783 307 1821 rei
336 1776 690 1830 militat-isperitia
722 1774 853 1812 clarus
883 1772 959 1810 sit:
990 1779 1029 1811 at
1059 1771 1163 1810 idem
1194 1771 1260 1810 ille
1288 1778 1396 1809 recte
1427 1777 1663 1819 revocatur,
1699 1770 1757 1823 si,
1800 1777 1846 1808 ut
1881 1769 2034 1808 bellicis
2071 1769 2257 1811 laudibus
2296 1774 2464 1828 insignis

246 1867 330 1908 est,
363 1859 416 1897 ita
447 1855 561 1902 aliis,
592 1860 637 1891 ut
669 1858 809 1891 noster
837 1848 1043 1897 Licinius,
1071 1847 1190 1887 animi
1223 1847 1485 1901 corporisque
1515 1847 1699 1897 dotibus,
1744 1847 1891 1900 quibus
1922 1846 2131 1887 bominum
2160 1849 2239 1888 vita
2269 1860 2463 1903 ornatur,

247 1938 330 1978 suis
359 1949 401 1975 se
432 1921 596 1972 civibus
621 1937 660 1969 et
692 1927 937 1982 reipublicae
967 1926 1118 1964 bonum
1147 1925 1367 1978 utilemque
1396 1932 1597 1978 praestare
1624 1924 1815 1978 potuerit.
1884 1925 2098 1973 Attamen,
2141 1924 2237 1965 licet
2274 1928 2370 1969 haec
2411 1931 2465 1971 ita

246 1997 355 2062 sint,
381 2010 590 2051 maluerim
621 2007 778 2045 Livium
809 2005 942 2044 minus
971 2010 1154 2042 accurate
1186 2002 1365 2041 locutum
1398 2016 1507 2049 esse,
1548 2002 1662 2055 cujus
1702 2001 1865 2054 quidem
1904 2000 2175 2055 negligentiae
2215 2005 2321 2057 apud
2360 2010 2465 2061 opti-

252 2106 340 2132 mos
371 2100 553 2142 quosque
584 2084 802 2137 scriptores
832 2079 1011 2134 exempla
1039 2078 1160 2119 semel
1189 2079 1385 2126 iterumve
1415 2079 1585 2133 reperiri
1613 2086 1774 2133 putem,
1797 2091 1915 2132 quam
1943 2076 2076 2118 locum
2107 2080 2350 2134 conjecturis
2377 2091 2466 2125 ten-

251 2179 369 2216 tare,
403 2164 619 2220 praecipue
651 2176 739 2200 cum
770 2160 967 2200 libroruin
997 2173 1087 2197 mss.
1119 2172 1209 2212 pars
1239 2157 1406 2196 maxima
1442 2157 1485 2204 iu
1511 2156 1712 2211 vulgatam
1726 2156 1953 2196 'lectionem
1994 2158 2250 2210 conspirent,
2291 2160 2463 2215 reliqui,

249 2247 319 2301 qui
351 2241 583 2299 pancissimi
614 2246 722 2287 sunt,
752 2237 849 2278 niliil
882 2236 971 2277 sere
1000 2243 1169 2284 mutent,
1188 2242 1254 2274 aut
1284 2233 1432 2274 nullam
1458 2242 1567 2274 certe
1596 2234 1731 2289 magni
1759 2234 1953 2274 momenti
1981 2234 2210 2274 varietatem
2240 2237 2463 2279 exhibeant

361 2323 416 2362 At
447 2319 572 2372 siquis
600 2324 733 2356 tamen
762 2315 895 2355 locum
937 2312 1148 2353 emendare
1179 2311 1376 2363 voluerit,
1418 2312 1451 2352 is
1490 2312 1644 2362 videat,
1684 2311 1880 2365 numquid
1918 2310 2084 2352 fortasse
2129 2310 2259 2367 ipsum
2304 2316 2465 2372 adjuvet

250 2402 449 2454 scr3pmra
478 2397 599 2437 unius
629 2396 738 2438 cod,
771 2395 898 2441 Ber„
935 2391 1005 2445 qui
1034 2405 1108 2444 pro
1137 2393 1366 2434 habitus
1403 2389 1509 2445 legit
1539 2392 1762 2447 habilis.
1820 2389 1978 2429 Etenim
2016 2382 2132 2430 facile
2176 2391 2266 2451 sieri
2303 2396 2462 2447 potuit,

250 2489 318 2528 ut,
351 2478 445 2517 dum
475 2482 646 2528 utraque
678 2485 755 2510 vox
784 2471 1010 2513 habitus
1040 2476 1079 2508 et
1108 2471 1324 2511 habilis
1353 2481 1381 2508 a
1400 2469 1502 2508 Livii
1533 2482 1651 2508 manu
1681 2467 1828 2521 scripta
1858 2468 1930 2517 sit,
1976 2482 2110 2508 earum
2140 2468 2262 2510 altera
2293 2471 2345 2511 ob
2375 2472 2465 2514 lite,

252 2572 387 2598 rarum
419 2552 723 2594 similitudinem
755 2561 894 2587 errore
924 2546 1143 2586 scribarum
1178 2546 1382 2586 exciderit.
1442 2547 1572 2586 Porro
1603 2560 1693 2589 cum
1733 2545 1776 2585 in
1803 2547 1967 2585 vetustis
2005 2546 2118 2587 libris
2147 2561 2229 2588 non
2260 2564 2354 2590 raro
2383 2552 2465 2591 sin-

252 2635 368 2690 gulae
401 2631 594 2686 quaedam
624 2641 774 2674 voces,
807 2632 983 2665 remotae
1016 2638 1035 2662 a
1065 2623 1156 2664 loco
1185 2638 1279 2672 sno,
1320 2624 1362 2663 in
1393 2622 1512 2663 alium
1544 2615 1678 2663 locuni
1720 2622 1975 2684 irrepserint,
2014 2638 2092 2678 qua
2135 2624 2296 2678 quidem
2335 2627 2385 2668 de
2420 2643 2464 2668 re

251 2726 368 2766 saepe
410 2713 657 2748 monuerunt
699 2705 787 2744 Viri
830 2702 981 2750 Docti,
1026 2709 1093 2741 aut
1135 2701 1353 2755 particulae
1393 2700 1586 2754 quaedam
1626 2700 1877 2757 hyperbaton
1920 2701 2067 2742 faciant
2111 2701 2194 2756 (cfr
2235 2705 2381 2758 Poppo
2416 2705 2466 2744 ad

253 2793 453 2829 anCYD.
487 2788 530 2825 P.
565 2787 576 2823 l
612 2784 689 2824 vol.
724 2785 735 2821 Ι
771 2798 809 2835 p.
841 2784 920 2819 301
954 2780 1052 2832 sq.);
1076 2779 1204 2818 simile
1236 2779 1334 2833 quid
1365 2777 1533 2817 sortasse
1563 2778 1604 2818 in
1634 2777 1710 2817 hoc
1740 2779 1842 2818 Livii
1872 2778 1962 2819 loco
1990 2787 2152 2833 experta
2184 2782 2466 2833 est.particula

252 2881 466 2923 quoque·
526 2863 567 2902 Si
599 2863 734 2914 itaque
766 2874 842 2899 vox
874 2874 1079 2914 quoque
1109 2864 1200 2911 post
1229 2848 1349 2897 v'erba
1381 2857 1456 2898 ad
1484 2867 1736 2900 caetera
1769 2857 1949 2910 ponitur,
1980 2864 2019 2897 et
2049 2870 2150 2911 quae
2178 2857 2372 2897 exciderit
2388 2873 2464 2899 vox
