2802 3280
1307 252 1547 345 (ἢ),

301 384 420 427 hab
438 385 456 427 i
470 384 552 428 lie
579 388 670 422 ante
700 385 730 426 h
746 384 931 427 abitus
958 382 1001 423 iu
1028 381 1261 424 contextum
1291 389 1529 434 revocatur,
1574 380 1847 423 obtinebimus
1874 382 1967 422 satis
1995 381 2245 438 probabilem
2280 379 2520 422 lectionem:

302 464 353 503 is
384 462 615 504 Romam
642 471 1062 514 reverteretur,
1090 462 1249 505 bello
1277 463 1483 510 bonus,
1513 462 1742 504 habilis
1767 462 1997 502 habitus
2025 463 2098 502 ad
2124 472 2372 517 caetera
2402 474 2521 511 quo-

301 552 421 594 que.
480 536 672 587 Quorum
699 535 916 576 verborum
946 551 1084 577 sensus
1112 537 1192 592 jam
1223 537 1340 578 facile
1368 524 1628 593 intelligitur:
1685 537 1895 577 »Licinius
1925 539 2093 577 Romam
2123 543 2421 586 reverteretur,
2452 536 2521 590 qui

302 620 384 653 »ut
409 616 569 656 bello
596 617 795 663 bonus,
826 614 868 653 id
901 615 1010 667 quod
1038 615 1158 669 paulo
1189 615 1359 656 inferius
1389 616 1475 655 aliis
1501 615 1634 655 verbis
1658 615 1821 672 ,dicitur
1860 617 2103 665 belglicae
2145 617 2359 657 laudis
2398 627 2525 657 com·-

257 732 267 735 -
301 704 461 745 »pm«,
492 690 549 729 ita
576 694 808 735 habilis
833 693 1071 735 habitus
1098 700 1159 733 est
1185 696 1257 735 ad
1290 689 1522 736 caetera
1565 708 1795 747 quoque,
1835 691 2026 738 nimirum
2066 691 2114 730 ad
2154 699 2310 733 caetera
2353 702 2522 729 munera

304 765 530 806 »obeunda
561 774 602 806 et
630 768 679 806 ad
706 781 771 806 res
798 775 878 806 tam
910 768 1088 821 publicas
1118 783 1236 822 quam
1265 760 1437 822 privatas
1465 769 1508 808 in
1533 768 1646 807 Urbe
1676 759 1881 822 gerendas.
1896 786 1916 802 «
1973 769 2089 817 Quae
2130 782 2226 807 vero
2269 767 2414 806 deinde
2458 779 2521 804 se-

303 850 512 895 quuntur,
543 846 750 898 quibus
775 860 925 887 nemo
952 861 1013 887 ea
1041 857 1378 899 tempestate
1405 849 1460 888 in
1476 847 1741 887 εῖναι-εἰσι·
1782 847 1935 887 civis
1971 847 2294 900 habebatur
2315 873 2330 891 ‚
2379 856 2425 882 ea
2457 842 2520 882 in-

302 917 521 973 telligenda
551 928 661 971 sunt,
690 921 771 961 „ad‘
783 935 884 974 quae
911 924 1086 971 (caetera
1114 922 1190 981 sc.)
1218 937 1378 965 nemo
1405 924 1608 966 civium
1631 920 1757 974 magis
1786 922 2146 970 instructus,
2176 920 2203 960 i.
2234 934 2268 960 e.
2303 919 2521 959 adornatus

301 995 415 1058 „siv-e
445 1005 696 1050 comparatus
723 1014 788 1042 ea
817 1010 1092 1051 tempesta
1109 1009 1165 1042 te
1192 999 1222 1041 h
1239 999 1556 1053 abebatur.«
1611 997 1665 1037 Et
1702 997 1863 1038 videtur
1893 998 2054 1050 quidem
2091 998 2220 1039 rarius
2238 996 2366 1047 esse,
2412 995 2523 1050 quod

302 1072 472 1115 Verbum
503 1077 718 1118 instruere
747 1089 837 1115 cum
867 1075 986 1115 dandi
1016 1088 1110 1115 casu
1137 1081 1417 1129 consumatum
1446 1082 1620 1127 attamen
1652 1074 1727 1114 alia
1755 1074 1872 1128 hujus
1905 1076 2217 1114 constructionis
2247 1073 2425 1127 exempla
2454 1087 2522 1112 ex-

303 1157 437 1200 stant,
468 1157 514 1190 ut
541 1152 635 1191 LIV.
665 1152 695 1191 1.
726 1152 779 1190 16
811 1153 1033 1195 Romanus
1073 1181 1083 1191 .
1114 1169 1137 1192 ·.
1176 1183 1187 1193 .
1229 1153 1595 1194 dimicationi
1636 1154 1868 1194 ultimae
1909 1155 2217 1194 instructus
2255 1155 2522 1206 intentusque

305 1229 504 1270 Tiberim
532 1230 704 1270 transit.
762 1226 969 1267 SALLUST.
1002 1229 1122 1271 Hist.
1150 1229 1293 1282 Frag.
1320 1226 1388 1267 lib.
1422 1228 1457 1266 11
1486 1241 1575 1282 pag.
1608 1229 1688 1265 957
1719 1227 1858 1281 (Cort.
1889 1229 1995 1281 Lips.
2023 1229 2148 1280 1724)
2180 1233 2426 1282 Antequam
2453 1243 2523 1269 re·

259 1319 263 1322 ’
304 1318 476 1357 gressus
506 1307 721 1346 Sertorius
759 1306 1070 1346 instrueret
1109 1319 1323 1359 pugnae
1362 1309 1486 1352 suos‚‘
1528 1303 1600 1343 ubi
1642 1303 1721 1342 vid·
1762 1307 1947 1347 curtius.
2033 1306 2332 1361 Enumerantur
2375 1301 2521 1342 deinde

306 1381 472 1433 egregia
502 1379 688 1419 fortunae
717 1378 849 1429 bona,
880 1380 1082 1432 animique
1112 1387 1154 1419 et
1182 1382 1371 1438 corporis
1394 1386 1648 1429 ornamenta,
1679 1379 1824 1432 quibus
1854 1394 1943 1419 cum
1981 1381 2150 1434 insignis
2187 1387 2289 1419 essct
2320 1379 2521 1435 Licinius,

307 1455 357 1496 ad
387 1469 451 1496 res
481 1450 634 1496 R‘omae
667 1456 862 1511 gerendas
888 1470 985 1511 prae
1015 1456 1169 1498 civibus
1193 1457 1276 1498 suis
1304 1443 1525 1498 instructus
1555 1463 1799 1510 ornatusque
1828 1456 2059 1497 habebatur.
2116 1457 2181 1497 De
2217 1456 2295 1497 hoc
2330 1455 2422 1496 loco
2460 1468 2522 1494 sa-

305 1532 357 1573 tis
386 1532 550 1573 dictum.
1643 1522 1650 1524 ’

425 1611 550 1660 Quod
578 1609 698 1665 paulo
727 1611 911 1665 superius
942 1610 1074 1650 obiter
1099 1610 1208 1661 dixi,
1239 1610 1303 1650 vel
1333 1610 1528 1664 optimum
1558 1622 1757 1664 quemque
1789 1611 2028 1664 scriptorem
2065 1610 2266 1650 interdum
2296 1598 2428 1650 minus
2456 1623 2521 1649 ac·

309 1694 445 1727 curate
486 1688 668 1727 locutum
707 1701 816 1736 esse,
860 1688 947 1741 ejus
983 1688 1045 1727 rei
1078 1689 1177 1727 mihi
1218 1688 1323 1736 Livii
1350 1688 1570 1727 Historiam
1611 1687 1841 1741 inspicienti
1875 1689 1952 1741 jam
1992 1688 2103 1727 adest
2136 1688 2372 1742 exemplum.
2429 1686 2517 1725 Lib.

306 1765 442 1804 XXIX
473 1780 557 1819 cap.
590 1766 644 1804 34
672 1764 712 1820 §.
747 1768 796 1804 13
830 1764 999 1820 legitur:
1031 1765 1156 1809 No'n
1184 1767 1369 1809 tamen
1395 1767 1776 1825 effusafuga
1808 1767 2164 1815 Masinissa,
2194 1767 2292 1808 sed
2323 1767 2519 1809 ceden-

307 1844 371 1885 do
398 1845 621 1885 sensim
649 1846 886 1898 impetus
912 1858 1091 1885 eorum
1118 1844 1483 1898 excipiebat,
1509 1845 1689 1886 donec
1727 1853 1828 1886 cet.
1872 1841 1982 1895 quod
2017 1854 2112 1881 saue
2159 1842 2291 1882 minut
2333 1849 2518 1881 accurate

278 1921 284 1927 ‘
307 1918 458 1958 dictum
489 1932 575 1958 esse
603 1919 762 1959 videtur
788 1932 864 1971 pro
896 1921 1001 1961 Non
1030 1930 1175 1961 tamen
1201 1919 1373 1975 effusae
1386 1921 1539 1977 fugae
1565 1930 1611 1962 te
1641 1921 1765 1962 dedit
1792 1920 2059 1968 Masinissa,
2078 1919 2149 1958 sed
2180 1920 2265 1959 ced.
2297 1933 2400 1960 sens.
2419 1919 2514 1972 imp.

308 1990 392 2038 eor.
424 1996 675 2050 excipiebat:
705 1996 853 2035 etenim
881 1995 1011 2035 effusa
1038 1994 1136 2050 fuga
1162 1999 1306 2051 excipi
1333 1996 1506 2050 impetffu
1534 1994 1713 2035 hostium
1749 2009 1833 2035 non
1861 2002 2019 2049 potest,
2059 1996 2129 2035 sed
2164 1999 2330 2039 vitatur
2365 1995 2517 2049 potius.

306 2073 363 2114 At
389 2072 597 2113 Masinissa
624 2072 764 2114 sedulo
794 2072 1015 2114 sesehosti
1041 2072 1311 2114 lacessendum
1343 2072 1454 2125 quasi
1485 2071 1712 2123 offerebat,
1749 2080 1797 2112 ut
1825 2086 1944 2123 eum,
1983 2063 2078 2113 dum
2120 2073 2280 2114 incaute
2330 2084 2519 2126 sequere·

307 2157 416 2200 tur,
436 2150 484 2190 ad
512 2151 693 2204 equitum
722 2150 930 2191 latentium
961 2150 1124 2191 insidias
1153 2149 1427 2205 protraheret:
1462 2149 1504 2191 id
1543 2150 1652 2204 quod
1690 2149 1889 2204 ejusmodi
1923 2150 2034 2191 bono
2072 2150 2189 2200 dolo,
2229 2150 2279 2189 de
2310 2164 2392 2203 quo
2422 2148 2521 2189 dicit

306 2230 522 2283 Ulpianus
549 2229 675 2283 (Leg,
704 2230 733 2271 I
762 2226 798 2283 §.
831 2230 855 2267 3
886 2230 950 2272 D.
979 2230 1054 2273 De
1080 2230 1178 2271 dolo
1204 2230 1364 2279 malo),
1409 2241 1431 2267 a
1469 2227 1675 2268 Masinissa
1712 2226 1887 2268 feliciter
1928 2228 2123 2269 effectum
2160 2242 2269 2286 esse,
2308 2228 2516 2280 sequentia

307 2303 470 2347 docent.
2358 2316 2362 2319 ·

422 2371 577 2423 Eodem
606 2379 694 2421 Lib.
725 2394 808 2436 cap.
839 2381 895 2421 24
924 2380 961 2438 §.
995 2383 1058 2422 11.
1089 2382 1225 2423 Livius
1254 2383 1459 2438 ingentem
1488 2380 1787 2422 multitudinem
1827 2381 2035 2422 hominum
2053 2412 2066 2434 ‚
2110 2382 2180 2438 qui
2209 2382 2442 2439 Lilybaeum
2473 2382 2515 2421 in

308 2459 446 2500 Sicilia
472 2458 522 2499 ad
548 2457 809 2513 trajectumm
838 2459 879 2500 in
908 2460 1089 2501 Africam
1126 2461 1170 2501 P.
1204 2460 1436 2514 Scipionem
1474 2446 1759 2509 confluebant,
1799 2460 1998 2514 simulque
2039 2460 2276 2501 incredibile
2316 2458 2516 2513 quoddam

307 2539 484 2581 studium
500 2566 513 2587 ‚
529 2551 611 2591 quo
638 2537 919 2591 imperatorem
945 2538 995 2578 ad
1022 2553 1147 2579 unum
1164 2551 1316 2583 ,omnes
1344 2536 1720 2592 prosequebantur,
1753 2536 2005 2588 describens,
2036 2538 2084 2577 de
2113 2537 2305 2578 militibus
2337 2551 2386 2577 ex
2408 2535 2513 2577 Can-

308 2617 425 2659 nensi
450 2615 561 2656 clade
589 2602 896 2672 superantibus,
924 2618 1250 2671 praecipue,
1278 2614 1425 2668 inquit,
1456 2617 1547 2670 qui
1573 2617 1937 2669 superabant
1962 2617 2330 2659 excannensi
2358 2629 2512 2658 exer-

309 2698 467 2745 cita‚2
489 2695 722 2739 milites.
751 2694 857 2736 illo
881 2721 894 2742 ‚
935 2709 1045 2737 non
1084 2696 1215 2738 alio
1248 2695 1414 2742 duce,
1456 2694 1804 2744 credebant,
1854 2697 2081 2743 navata
2123 2694 2210 2734 rei
2246 2692 2514 2746 publicae-

309 2787 487 2829 opera
506 2772 711 2829 finire
738 2784 789 2812 se
818 2772 1099 2813 militiam
1128 2772 1571 2826 ignominiosam
1596 2782 1770 2824 possex
1826 2768 1880 2807 At
1916 2768 1998 2807 sive
2043 2763 2322 2811 militiam
2362 2766 2532 2830 intelli--

310 2862 382 2905 gas
408 2849 641 2905 militarem
668 2849 999 2903 expeditionem,
1031 2850 1188 2891 Graece
1216 2847 1299 2898 τὴν
1328 2846 1586 2903 στρατείαν,
1609 2844 1726 2899 *quod
1754 2843 1831 2884 hoc
1860 2843 1951 2884 loco
1979 2845 2044 2884 vix
2072 2844 2251 2899 poteris,
2283 2844 2365 2885 sive
2394 2845 2508 2886 mili-
