2802 3280
1277 260 1496 328 (6)

279 394 379 442 nibil
408 370 650 451 potest-(liei
668 395 810 435 ‘verius
839 393 1046 435 iilo-certe
1073 393 1189 445 loco,
1210 392 1289 440 ahi
1316 393 1442 434 vin-tm
1469 397 1666 445 concreta
1682 428 1696 446 ‚
1736 411 1852 450 quam
1883 397 2049 448 dicunt,
2091 397 2276 452 profecto
2303 413 2386 441 non
2415 415 2489 455 po-

278 479 546 533 teatxaeterua
573 471 675 522 dici,
705 478 920 526 propterea
949 471 1207 525 quod-nemo
1236 470 1346 510 adest
1378 479 1560 513 aeternus
1600 474 1757 514 virtutis
1789 490 2005 530 possessor.
2076 475 2161 516 Csr.
2193 477 2311 518 etiam
2344 481 2486 525 Kritz.

280 551 330 591 ad
357 565 444 605 cap.
475 551 539 605 Vl⁴
561 550 702 600 verba,
732 552 860 594 sicuti
878 552 1083 605 pleraque
1110 551 1355 592 mortalium
1390 551 1629 600 habentur,
1672 551 1816 605 quibus
1859 552 1992 593 verbis
2031 553 2136 593 idem
2185 554 2334 595 dicitur
2370 570 2414 596 ae
2453 557 2487 597 si

253 627 474 681 -seriptum
504 633 632 667 esset:
652 640 655 642 ·
675 638 784 682 quae
811 632 877 672 est
900 627 1079 681 propria
1108 626 1322 681 quaedam
1350 641 1492 669 rerum
1519 629 1809 671 humanarum
1838 642 2015 674 natura.
2072 631 2137 671 De
2179 639 2318 673 nostro
2355 639 2487 673 autem

252 716 255 719 ·
278 703 396 751 loco,
425 702 469 742 iu
498 716 582 756 quo
608 701 815 741 tractando
843 694 1072 749 versamur,
1103 712 1186 740 non
1213 701 1267 739 ita
1296 708 1405 740 recte
1435 701 1675 756 disputatum
1719 717 1815 744 esse*
1839 713 1975 758 putem
2020 720 2042 745 a
2080 705 2139 748 Cl.
2172 711 2372 761 Kritzio,
2418 710 2488 762 qui

280 763 467 832 exponit,
496 782 565 821 ha
583 781 737 821 betur
767 778 870 816 idem
897 790 982 817 esse
1011 771 1057 816 ac
1088 780 1319 827 toleratur,
1349 777 1469 817 verba
1496 783 1622 821 sine
1666 783 1863 823 damno
1906 780 2063 821 solvens
2102 787 2216 826 nullo
2249 800 2302 827 et
2344 800 2399 827 ea
2440 802 2488 829 re

280 858 439 898 damno
462 858 653 898 oriente:
695 854 780 893 Hac
809 853 1073 908 eiplicatione
1102 867 1183 894 non
1216 854 1334 894 video
1364 854 1568 908 quomodo
1599 869 1758 895 sensum
1791 857 2046 897 commodum
2076 866 2116 898 et
2145 860 2220 899 toti
2249 860 2487 902 Sallustiano

280 931 372 972 loco
398 931 699 971 accomodatum
728 931 952 986 obtineam:
983 931 1130 970 etenim
1158 931 1196 970 id
1227 931 1480 971 solummodo
1511 945 1556 970 ea
1588 932 1783 982 efficitur,
1824 941 2039 987 egestatem
2076 934 2239 974 tolerari
2276 946 2488 991 propterca

281 1008 399 1047 facile
426 1021 566 1062 posse,
581 1007 690 1061 quod
718 1020 765 1046 ex
794 1007 1061 1047 seditionibus
1090 1015 1131 1046 et
1157 1007 1286 1047 turbis
1317 1007 1471 1047 nullum
1501 1009 1577 1061 ipsi
1606 1008 1793 1048 damnum
1823 1011 2000 1056 oriatur-3
2029 1011 2093 1050 cui
2123 1014 2343 1053 sententiae
2371 1017 2494 1067 quam

281 1085 451 1125 multum
480 1076 543 1123 rel
573 1099 689 1136 quam
717 1098 858 1137 parum
886 1084 971 1123 veri
998 1084 1115 1133 insit,
1152 1084 1195 1123 in
1223 1083 1358 1123 medio
1393 1082 1691 1136 relinquemus:
1733 1092 1772 1123 at
1810 1085 1999 1125 Sallustio
2035 1095 2175 1127 nostro
2213 1089 2376 1128 minime
2412 1090 2486 1130 do-

282 1160 451 1201 cendum
481 1167 585 1209 erat,
617 1171 734 1214 quam
763 1159 816 1199 ob
845 1161 1006 1199 causam
1031 1167 1203 1214 egestas-
1226 1160 1381 1200 facilius
1414 1160 1665 1200 difficiliusve
1706 1161 1870 1201 tolerari
1905 1163 2058 1216 possit,
2105 1179 2245 1204 verum
2282 1166 2321 1205 id
2358 1167 2512 1210 solum,

281 1237 597 1287 ostendendum,
633 1251 750 1290 quam
781 1237 834 1276 ob
864 1250 1020 1276 causam
1048 1237 1131 1286 illi,
1162 1236 1309 1290 quibus
1339 1251 1435 1291 opes
1465 1237 1596 1277 nullae
1626 1245 1748 1288 sunt,
1788 1238 1830 1278 in
1858 1239 1987 1279 turbis
2025 1247 2065 1279 et
2106 1241 2369 1283 seditionibus
2395 1248 2488 1287 sine

281 1331 387 1359 cura
417 1316 518 1361 sint;
550 1316 646 1355 haec
675 1313 805 1354 autem
835 1328 948 1354 causa
978 1314 1018 1354 in
1048 1328 1097 1354 eo
1128 1316 1201 1354 sita
1231 1322 1313 1363 est,
1343 1314 1452 1367 quod
1480 1318 1612 1369 egeni
1641 1331 1725 1357 non
1739 1317 1916 1373 facile,
1953 1312 2158 1359 damnum
2186 1324 2486 1373 experiuntur,

282 1393 365 1432 sive
394 1395 505 1448 quod
530 1403 700 1447 egestas
726 1402 889 1435 natura
918 1406 996 1433 sua
1027 1393 1186 1435 damno
1214 1407 1299 1434 non
1317 1392 1469 1450 facile
1496 1393 1682 1434 obnoxia
1720 1404 1808 1446 est,
1846 1392 2002 1446 qualem
2038 1394 2158 1448 paulo
2193 1397 2377 1450 superius
2407 1397 2488 1439 loci

282 1483 442 1510 sensum
470 1470 736 1523 exposuimus.
1058 1452 1061 1454 Α
1856 1461 1860 1465 ’

399 1548 754 1603 Sedrurbana
782 1545 997 1596 plebes,
1033 1558 1097 1585 ea
1132 1559 1264 1586 vero
1299 1560 1579 1600 praeceps
1611 1548 1783 1588 ierat.
1839 1567 1896 1576 —
1953 1546 2017 1586 Ad
2044 1546 2167 1587 verba
2214 1564 2487 1605 praeceps

285 1625 448 1665 ierat
478 1624 677 1664 Kritzius
704 1619 962 1674 reprehendit
989 1620 1251 1673 interpretes,
1283 1621 1352 1673 qui
1382 1633 1523 1660 eorum
1553 1633 1712 1661 sensum
1742 1634 1824 1661 uon
1855 1622 2024 1662 assecuti
2066 1623 2156 1662 sint.
2225 1623 2304 1663 Sed
2334 1626 2484 1676 miror,

284 1699 386 1738 Viro
414 1697 659 1738 Doctissimo
688 1710 769 1736 non
798 1695 991 1749 placuisse
1032 1698 1285 1738 Kunhardti
1319 1697 1717 1750 interpretationem:
1746 1710 1901 1740 temere
1921 1702 2012 1740 sine
2042 1703 2216 1742 consilio
2244 1713 2286 1743 et
2314 1708 2484 1746 ratione

285 1780 330 1818 in
358 1786 507 1829 partes
534 1776 759 1816 Catilinae
787 1776 1054 1823 transierat,
1084 1770 1186 1824 quae
1213 1771 1349 1811 eadem
1380 1780 1440 1813 est
1471 1773 1749 1826 interpretatio
1779 1776 2128 1827 Bipontinorum,
2170 1777 2262 1829 qui,
2307 1777 2484 1819 Sallustii

285 1850 408 1891 verba
440 1850 769 1909 ἑρμηνεύοντες,
797 1847 1052 1896 adscribunt:
1082 1850 1129 1889 in
1158 1849 1384 1891 Catilinae
1410 1862 1570 1901 partes.
1627 1849 1791 1889 Scilicet
1818 1854 2097 1905 praecipitem
2139 1856 2204 1894 ire
2242 1861 2282 1892 et
2321 1857 2486 1908 propria

269 1928 327 1968 “et
353 1926 493 1967 tralata
520 1925 810 1984 signifieatione
841 1930 902 1962 est
922 1923 1210 1962 vehementiori
1238 1923 1390 1977 impetu
1423 1924 1559 1977 aliquo
1587 1924 1700 1974 serti,
1730 1932 1776 1964 ut
1803 1938 1935 1977 neque
1965 1927 2163 1966 contineri
2193 1935 2324 1968 motus
2354 1943 2485 1984 neque

285 2006 374 2060 regi
402 2011 509 2043 certa
537 2001 741 2042 voluntate
770 2000 907 2054 possit.
965 2000 1097 2049 Quam
1127 2000 1288 2052 quidem
1318 2001 1525 2040 notionem
1553 2000 1792 2040 furibundae
1823 2001 1948 2054 plebis
1978 2002 2142 2055 ingenio
2161 2018 2287 2043 ·unam
2319 2006 2359 2045 in
2387 2022 2484 2060 pau-

288 2085 343 2123 cis
372 2079 588 2121 convenire
616 2077 785 2131 quilibet
811 2076 931 2116 facile
959 2076 1162 2116 concedet.
1222 2077 1301 2116 Sed
1335 2080 1459 2133 magis
1497 2078 1615 2117 etiam
1652 2079 1778 2118 miror
1806 2081 2048 2130 Kritzium,
2096 2080 2189 2119 dum
2236 2082 2322 2135 ipse
2365 2085 2485 2125 verba

286 2171 565 2216 praeceps
592 2153 962 2208 ieratintelligit
997 2153 1046 2192 de
1074 2155 1273 2207 corruptis
1316 2154 1564 2208 perditisque
1603 2154 1730 2208 plebis
1772 2155 1974 2204 moribus,
2015 2157 2311 2209 reprehendere
2353 2168 2484 2202 tamen

287 2238 556 2290 Herzogium
586 2231 826 2271 Germanice
853 2231 1206 2284 interpretantem:
1241 2234 1324 2273 das
1351 2234 1390 2273 V
1391 2235 1457 2274 olk
1489 2248 1583 2273 war
1609 2234 1703 2288 ties
1729 2235 1945 2286 gesunken
1963 2262 1976 2284 ‚
2017 2233 2126 2285 quod
2163 2234 2316 2288 scilicet
2353 2237 2484 2278 Sallu-

286 2314 385 2356 stius
415 2324 498 2350 non
527 2308 631 2348 dicat
659 2307 728 2360 qui
756 2306 808 2346 sit
833 2313 958 2346 status
985 2305 1136 2360 plebis,
1171 2305 1242 2346 sed
1277 2305 1424 2360 quibus
1451 2306 1570 2346 rebus
1605 2307 1654 2345 ad
1691 2320 1782 2346 eum
1824 2315 1968 2346 statum
2011 2309 2146 2362 plebes
2186 2311 2376 2364 perducta
2418 2316 2482 2354 sin

286 2363 484 2446 Equidem
505 2385 711 2426 confiteor
737 2397 801 2423 me
831 2373 914 2424 tion
942 2383 1168 2449 attingere,
1198 2398 1274 2437 qua
1301 2384 1456 2425 ratione
1484 2384 1692 2424 amborum
1725 2384 1899 2423 virorum
1932 2386 2280 2439 interpretationes
2308 2389 2413 2429 inter
2441 2406 2483 2431 se

287 2468 498 2520 tantopere
527 2461 732 2510 disserant,
760 2466 821 2509 ut,
850 2459 883 2499 si
912 2460 1179 2500 consentirem
1208 2473 1298 2499 cum
1327 2459 1467 2510 altero,
1497 2461 1708 2501 dissentire
1739 2459 1788 2499 ab
1819 2460 1945 2501 altero
1973 2476 2142 2515 possem.
2200 2464 2254 2503 At
2282 2465 2323 2504 in
2353 2468 2485 2509 verbis

288 2555 571 2602 praeceps
598 2542 746 2582 ierat
772 2543 986 2591 propterea
1015 2536 1131 2576 etiam
1161 2537 1213 2576 de
1239 2537 1406 2591 perditis
1445 2538 1625 2579 moribus
1666 2539 1835 2592 cogitari
1877 2552 1958 2579 non
2000 2554 2114 2594 posse
2152 2541 2348 2596 videtur,v
2375 2548 2485 2599 quod

290 2622 367 2676 ipsi
393 2617 542 2674 perditi
568 2628 701 2655 mores
727 2615 769 2654 in
797 2614 996 2667 primariis
1023 2615 1154 2654 statim
1184 2622 1446 2667 recensentur
1481 2617 1634 2665 causis,
1675 2628 1749 2653 cur
1781 2614 1916 2668 plebes
1949 2616 2101 2656 urbana
2139 2631 2328 2673 praeceps
2371 2622 2482 2663 ierat.

289 2701 392 2741 Nam
421 2694 492 2751 qui
519 2692 650 2734 statim
679 2697 954 2732 memorantur
979 2689 1168 2748 flagitiosi
1199 2699 1239 2732 et
1267 2693 1377 2734 omni
1404 2693 1559 2748 probro
1586 2693 1762 2748 insignes
1805 2693 2007 2744 homines,
2047 2695 2117 2749 qui
2157 2695 2344 2745 Romam*
2364 2700 2484 2742 sicuti

277 2779 333 2818 ‘in
361 2773 555 2816 sentinam
585 2767 872 2820 confluxerint,
900 2769 952 2809 de
981 2769 1043 2810 his
1072 2781 1154 2811 non
1182 2770 1237 2810 ita
1267 2771 1525 2825 cogitandum
1553 2777 1637 2821 est,
1671 2770 1783 2824 quasi
1812 2782 1860 2809 ex
1891 2768 2065 2809 Sallustii
2100 2773 2295 2812 sententia
2323 2778 2484 2818 exstite-

292 2854 376 2894 rint
402 2849 531 2905 plebis
558 2846 735 2887 urbanae
763 2846 1327 2902 corruptores3‘·verum‘ita,
1366 2855 1412 2889 ut
1444 2848 1525 2890 sint
1563 2847 1640 2901 ipsi
1667 2860 1717 2887 eo
1744 2854 1926 2910 tempore
1959 2845 2114 2899 perdita
2141 2846 2233 2897 illa,
2277 2864 2377 2904 quae
2405 2855 2481 2895 hoc

577 2934 635 2976 2*
