2802 3280
1244 251 1593 304 «sm...

306 424 447 466 totalis
475 423 639 466 Hassiae
683 423 877 466 Cassellas
912 424 1055 466 missus
1084 431 1162 473 est3
1198 438 1370 480 cumque
1409 414 1531 466 nemo
1569 424 1701 466 statim
1729 422 1909 476 adesset,
1947 423 2019 481 qui
2055 424 2111 466 ita
2145 422 2316 481 proprio
2356 434 2525 464 munere

305 519 491 563 vacaret,
520 519 566 552 ut
596 512 751 551 interea
778 512 974 566 temporis
999 524 1072 565 per
1101 511 1253 566 aliquot
1281 525 1436 552 menses
1466 511 1835 552 vilmariabsentis
1864 511 2001 553 locum
2047 511 2089 552 in
2116 510 2345 568 Gymnasip
2386 516 2525 549 tenere

304 606 467 653 posset,
497 597 759 640 suadentibus
788 598 879 652 ipso
910 605 950 637 et
978 598 1230 639 Bernhardio
1271 598 1368 638 baec
1404 598 1502 638 mihi
1543 597 1767 638 honorifice
1804 612 1827 637 a
1868 599 2165 653 magistratibus
2205 596 2427 657 provincia*
2457 595 2527 635 de-

303 684 488 723 mandata
520 691 593 723 est.
650 685 708 724 lta
737 692 871 724 autem
902 699 1050 724 annum
1080 685 1164 724 sere
1193 685 1397 738 integrum
1427 685 1494 724 hic
1525 685 1630 738 degi.
1689 686 1781 734 Qua
1813 684 1863 723 de
1892 698 1935 724 re
1966 692 2026 724 est
2055 685 2255 739 profecto,
2288 683 2399 737 quod
2426 683 2526 742 mihi

304 770 510 825 gratuler;
558 785 649 810 nam
678 778 957 825 praeterquam
986 771 1096 825 quod
1126 772 1180 810 ita
1207 771 1335 811 otium
1375 785 1510 810 meum
1552 784 1642 809 cum
1680 783 1767 809 mea
1804 771 1930 824 ipsius
1963 771 2213 824 aliorumque
2242 769 2416 810 utilitate
2447 770 2522 808 im-

309 856 459 910 pendi,
490 840 639 896 tantam
670 857 816 907 etiam,
847 864 993 910 quanta
1024 864 1157 911 potest
1184 869 1270 896 esse
1297 857 1491 907 maxima,
1534 857 1713 900 omnium
1742 856 1945 906 bonorum
1985 857 2050 897 hic
2087 856 2411 897 benevolentiam
2455 869 2523 894 ex-

300 951 440 998 pertus
470 959 571 984 sum.
630 946 763 993 Quam
794 944 956 996 quidem
985 944 1188 984 bonorum
1219 943 1466 983 voluntatem
1507 951 1554 983 ut
1592 943 1678 984 aliis
1709 943 1986 983 occasionibus
2027 957 2269 999 propensam
2315 953 2522 998 cognove-

300 1044 415 1080 ram,
445 1030 500 1070 ita
529 1043 686 1092 nuper,
719 1045 810 1070 cum
839 1030 983 1071 morbo
1013 1030 1249 1085 gravissimo
1279 1028 1502 1084 affligebar,
1525 1043 1611 1070 esse
1641 1030 1762 1085 longe
1790 1013 2147 1090 propensissimam
2176 1029 2370 1072 intellexi.
2404 1029 2521 1078 Quae

298 1124 397 1158 tunc
428 1116 526 1157 mihi
553 1116 660 1156 bona
688 1116 861 1168 fecistis,
901 1115 1102 1170 Discipuli
1129 1123 1169 1156 et
1198 1115 1317 1157 Cives
1349 1115 1528 1170 Optimi,
1558 1116 1600 1156 id
1632 1116 1746 1157 vobis
1780 1117 1923 1157 reddat
1951 1119 2063 1158 Deus
2107 1118 2158 1158 Ο.
2190 1118 2269 1164 Μ.;
2314 1130 2393 1171 ego
2423 1128 2520 1156 vero

299 1205 513 1254 maximas,
545 1217 640 1257 quas
669 1210 803 1243 mente
834 1202 1048 1257 concipere
1078 1216 1240 1256 possum
1273 1201 1386 1243 vobis
1416 1216 1492 1257 ago
1520 1201 1730 1256 habeoque
1760 1204 1935 1258 gratias!

413 1277 524 1330 luter
551 1288 700 1330 multos
727 1289 988 1342 assiduosque
1018 1276 1198 1339 labores,
1241 1303 1263 1328 a
1295 1283 1447 1342 ‘quibus
1476 1289 1596 1344 hujus
1638 1290 1837 1346 gymnasii
1878 1290 2206 1344 praeceptoribus
2243 1289 2308 1329 vix
2343 1301 2521 1342 unquam

300 1385 361 1418 est
389 1377 501 1417 locus
532 1375 792 1430 quiescendi,
822 1375 959 1414 aderat
983 1376 1130 1414 sensim
1160 1384 1337 1429 tempus,
1369 1390 1450 1428 quo
1481 1390 1528 1415 ex
1557 1377 1685 1416 veteri
1714 1377 2006 1415 consuetudine
2037 1384 2141 1415 esset
2183 1376 2334 1429 aliquid
2377 1376 2518 1429 scripti

300 1463 511 1505 edendum.
567 1463 621 1501 Et
647 1462 725 1502 hoe
753 1469 862 1502 certe
891 1463 1101 1516 negotium
1137 1463 1312 1517 libenter
1348 1462 1601 1516 reliquissem
1642 1463 1799 1512 cuivisx,
1849 1463 1920 1516 qui
1958 1463 1999 1501 id
2043 1477 2117 1517 pro
2151 1476 2214 1501 me
2259 1469 2516 1516 suscepturus

298 1552 462 1592 suisset:
493 1550 639 1590 etenim
670 1550 736 1589 vix
765 1549 919 1604 elapsae
945 1557 1040 1589 sunt
1067 1562 1216 1604 paucae
1245 1549 1518 1603 septimanae,
1565 1564 1613 1591 ex
1643 1565 1724 1604 quo
1754 1565 1775 1590 a
1806 1550 1950 1590 morbo
1980 1550 2050 1590 illo
2080 1563 2170 1590 meo
2202 1550 2374 1590 feliciter
2403 1563 2515 1590 sana-

297 1647 362 1680 tus
390 1653 502 1685 sum;
532 1636 717 1693 surgenti
744 1643 875 1677 autem
918 1635 1016 1675 mihi
1055 1636 1104 1676 de
1142 1636 1248 1676 lecto
1287 1635 1500 1676 confestim
1537 1635 1737 1676 instabant
1776 1635 1923 1677 assidui
1956 1635 2023 1676 'illi
2063 1636 2289 1679 scholarum
2329 1636 2513 1686 labores,

299 1725 467 1780 quibus,
501 1735 596 1766 cum·
623 1724 751 1765 adhuc
780 1735 1023 1779 magnopere
1052 1721 1283 1773 debilitatus
1312 1736 1462 1774 essem,
1502 1737 1585 1764 non
1619 1738 1759 1779 parum
1796 1723 2018 1778 premebar.
2090 1724 2373 1777 Praeterquam
2415 1737 2512 1764 vero

297 1813 409 1867 quod
438 1797 540 1851 esset
568 1811 633 1850 vix
663 1818 703 1850 et
729 1823 779 1850 ne
807 1812 874 1850 vix
902 1810 1063 1863 quidem
1093 1810 1321 1863 speciminis
1350 1809 1582 1851 elaborandi
1610 1811 1809 1864 spatium,
1839 1810 2003 1850 deerant
2039 1824 2200 1863 quoque
2227 1810 2376 1859 multa,
2411 1822 2512 1862 quae

297 1899 487 1939 dicuntur
516 1894 690 1950 subsidia
718 1896 891 1935 literaria
909 1926 921 1945 ‚
949 1909 1123 1948 quorum
1152 1895 1227 1935 alia
1256 1896 1423 1935 omnino
1452 1910 1536 1936 non
1566 1896 1757 1949 parabilia
1786 1905 1926 1947 erant,
1968 1897 2042 1937 alia
2070 1905 2178 1936 certe
2208 1905 2377 1951 propter
2408 1904 2510 1935 tem-

296 1985 407 2041 poris
438 1972 661 2039 augustiam
687 1983 729 2023 in
756 1981 978 2036 praesentia
1006 1982 1229 2036 comparari
1262 1996 1345 2022 non
1373 1989 1574 2037 poterant..
1646 1985 1797 2023 Verum
1838 1998 1890 2024 ne
1929 1984 1986 2024 sic
2024 1984 2186 2037 quidem
2230 1983 2341 2023 volui
2383 1998 2510 2024 meam

294 2074 378 2118 sive
407 2070 653 2112 voluntatem
683 2070 765 2110 sive
794 2068 1041 2123 diligentiam
1072 2068 1300 2109 desiderari.
1354 2063 1475 2123 'Elegi
1519 2069 1680 2122 itaque,
1726 2071 1795 2123 qui
1835 2071 1932 2110 mibi
1969 2071 2011 2111 in
2048 2078 2236 2124 promptu
2273 2077 2412 2120 erant,
2461 2084 2509 2109 ex

293 2158 559 2215 scriptoribus
588 2150 738 2198 Latinis
766 2164 806 2196 et
835 2170 882 2196 ex
913 2156 1100 2206 Graecis,
1122 2171 1222 2209 quos
1246 2155 1324 2196 hoc
1352 2162 1534 2209 tempore
1564 2170 1654 2196 cum
1688 2155 1848 2210 publice
1877 2164 1961 2196 tum
1982 2146 2144 2210 'privata
2174 2157 2382 2212 diligentia
2404 2166 2508 2197 trac-

292 2226 494 2296 taveram,
527 2245 639 2285 locos
669 2244 883 2297 quosdam,
915 2244 984 2296 qui
1012 2243 1094 2283 sive
1125 2237 1373 2282 difficiliores
1410 2256 1494 2281 esse
1541 2243 1625 2282 sive
1668 2243 1839 2296 aliquam
1881 2244 2019 2282 saltem
2043 2245 2289 2297 ,interpretis
2333 2244 2506 2298 diligen·

291 2336 388 2376 tiam
415 2331 619 2388 postulare
647 2329 897 2384 viderentur.
952 2329 1015 2368 De
1042 2329 1186 2382 quibus
1216 2343 1237 2367 a
1267 2343 1330 2367 me
1360 2329 1413 2367 ita
1441 2329 1686 2383 disputatum
1717 2343 1802 2370 esse
1831 2329 2052 2380 voluerim,
2089 2338 2135 2369 ut
2169 2344 2297 2369 meam
2343 2338 2504 2370 senten-

291 2423 387 2463 tiam
416 2420 560 2462 dixisse
577 2449 589 2470 ,
620 2426 799 2459 ceterum
827 2416 938 2456 Viris
968 2417 1135 2467 Doctis‚
1164 2416 1198 2457 si
1227 2416 1295 2470 qui
1327 2415 1433 2456 forte
1460 2415 1528 2456 has
1557 2415 1730 2474 pagellas
1758 2417 1839 2457 sint
1867 2418 2117 2473 inspecturi,
2155 2419 2365 2472 reliquisse
2394 2418 2501 2472 judi-

292 2511 399 2551 cium
429 2508 576 2548 videar.

403 2595 601 2650 'Superest
627 2598 674 2633 ut
701 2604 840 2645 rogem
879 2604 1055 2642 omnes‚.
1083 2589 1208 2632 velint
1245 2589 1322 2630 hoc
1361 2604 1445 2632 non
1486 2591 1692 2632 doctrinae
1731 2591 1801 2633 sed
1839 2599 1997 2647 paratae
2041 2590 2258 2634 voluntatis
2297 2587 2501 2647 specimen

291 2684 408 2739 aequi
437 2681 615 2735 bonique
645 2678 866 2744 consulere.

399 2795 555 2858 Scripsi
580 2813 616 2842 ι.
647 2798 687 2842 a.
719 2799 785 2840 111.
819 2768 1023 2841 mmm.
1053 2796 1410 2840 mcccxxxn.

270 2867 333 2958 :qv
1082 2932 1660 2957 -.-....-
