2802 3280
1263 237 1479 299 (ὅ)

263 372 425 428 ›yhooge
453 368 734 412 staatsambten
763 366 1015 418 verpekerde.
1051 369 1174 410 Mali
1201 366 1366 407 werden
1395 380 1491 410 naar
1503 368 1587 417 duct
1614 367 1741 409 nude
1766 368 2023 425 “algebrnik
2048 371 2237 428 degentis
2266 373 2480 429 gennad,

265 450 358 489 »die
389 450 472 488 zich
504 448 654 488 zonder
681 447 731 485 de
760 444 987 501 genoemde
1017 444 1285 499 geluksgaven
1315 444 1482 484 aochten
1506 451 1550 484 te
1579 444 1816 499 ver-besica,
1859 460 1910 488 en
1947 447 2081 489 -onder
2108 448 2482 491 wake-inderdnd

263 527 376 565 »vele
405 529 677 580 woelgeesten
707 521 920 578 gevonden
948 522 1126 562 werden.
1170 523 1282 562 Maar
1310 533 1500 561 wanneer
1527 535 1599 577 νγ»
1629 520 1775 563 Cicero
1804 523 1847 564 in
1874 538 1977 580 ayne
2008 524 2326 583 reduces-ingen
2353 540 2480 581 open·

263 603 362 658 »lyk
395 603 520 640 boren
551 600 783 649 veddaren,
815 599 883 638 dat
914 598 978 638 die
1008 612 1055 638 zo
1084 597 1306 653 genoemde
1333 601 1433 641 boni
1460 598 1503 638 in
1532 598 1581 638 de
1609 598 1854 640 toomlooste
1882 600 2038 645 weelde
2066 602 2308 658 gedompeld
2328 615 2479 653 mrem

262 680 357 719 »dat
388 694 435 734 zy
467 677 515 718 de
548 676 865 731 bondgenooten
893 676 1146 730 plunderden
1177 688 1227 714 en
1257 674 1583 725 mishandelden‚
1630 675 1707 715 dan
1736 689 1888 729 vragen
1915 692 1986 733 wy
2014 678 2201 734 onvillig
2227 679 2361 736 byn,
2403 679 2480 718 hoe

246 753 464 795 '»dursden
494 769 542 809 ι]
577 753 653 792 dan
680 752 729 791 de
760 751 952 806 overigen
984 756 1122 794 malos
1150 750 1198 790 of
1224 750 1402 790 slechten
1431 751 1628 791 noemen?
1682 752 1769 792 Met
1802 752 1997 794 datzelsde
2025 761 2142 809 regt,
2178 755 2403 795 wan-mede
2431 755 2482 794 de

263 832 456 871 „si-anche
487 828 710 869 edelliedcn
743 842 843 868 voor
868 827 992 868 dezen
1022 827 1073 867 de
1101 827 1271 881 burgers
1301 831 1364 870 les
1390 830 1553 869 vilains
1579 827 1629 868 of
1653 827 1722 867 het
1748 828 1948 883 gepenpel
1976 830 2222 872 noemden.«
2276 831 2480 872 Hactenus

263 908 356 953 ille;
389 906 506 946 nobis
538 913 670 944 autem
701 904 749 944 ad
780 904 1010 944 tractandos
1039 904 1221 957 proxime
1250 911 1464 955 sequentes
1491 903 1602 943 locos
1632 904 1894 958 pergendum*

377 984 568 1026 Turba
596 993 762 1037 atque
791 982 1188 1026 seditionibus
1215 983 1343 1023 sine
1379 994 1509 1023 cura
1551 983 1803 1031 aluntur,
1833 984 2097 1036 quoniam
2134 985 2480 1040 egesta-sfa-

264 1064 369 1105 cite
401 1062 642 1101 habetur
673 1061 798 1100 sine
831 1059 1063 1102 damno.
1097 1080 1145 1090 -
1188 1055 1383 1096 Similiter
1412 1068 1533 1109 supra
1562 1069 1645 1109 cap.
1675 1056 1782 1096 xlv.
1827 1072 1928 1110 qnos
1962 1073 2118 1101 manus
2156 1070 2289 1113 atque
2327 1062 2481 1113 lingua

263 1138 454 1192 perjurio
483 1146 559 1176 aut
587 1136 799 1187 sanguine
828 1135 950 1175 civili
978 1133 1179 1175 alebat.
1239 1129 1324 1171 cfr.
1353 1132 1540 1184 quaeibi
1569 1132 1701 1186 attulit
1728 1120 1921 1177 Cor-tin&
1958 1132 2200 1176 Cur-autem
2230 1134 2272 1175 hi
2301 1130 2482 1176 homine.

265 1217 357 1255 sine
386 1228 491 1255 cura
521 1224 609 1251 esse
640 1209 824 1264 possint,
856 1210 943 1262 ejus
972 1209 1031 1249 rei
1061 1221 1218 1248 causam
1248 1208 1380 1248 statim
1409 1208 1572 1263 subjicit
1612 1209 1783 1259 Noster,
1840 1214 2099 1263 quoniam
2135 1223 2356 1266 egestas
2382 1214 2481 1269 fa·

265 1293 378 1334 cile
409 1291 650 1331 habetur
681 1291 809 1330 sine
837 1289 1060 1329 damno:
1091 1299 1191 1339 quae
1221 1285 1343 1325 verba
1376 1284 1662 1341 Cl·-Langius
1697 1293 1744 1325 nt
1770 1285 1872 1327 male
1901 1294 2086 1341 suspecta
2113 1286 2272 1337 habuit,
2316 1287 2482 1332 itanon

266 1367 431 1417 omnino
458 1373 567 1405 recte
596 1353 881 1417 interpretatus
908 1371 990 1412 est,
1022 1363 1241 1416 »quoniam
1271 1363 1389 1416 egeni
1417 1361 1459 1401 in
1488 1361 1618 1402 turbis
1648 1361 1765 1405 facile
1792 1362 2004 1403 inveniunt
2030 1362 2140 1417 qnod
2171 1364 2220 1404 ad
2247 1364 2368 1404 vitam
2395 1378 2482 1405 sns-

264 1443 521 1484 »tentandam
551 1443 644 1482 satis
673 1442 747 1490 sit,
779 1455 852 1480 nec
884 1440 1054 1480 habeant
1087 1438 1274 1494 (habent)
1313 1439 1421 1492 quod
1458 1438 1629 1493 perdere
1669 1437 1866 1493 possint.«
1933 1440 2045 1480 Haec
2080 1441 2235 1482 scilicet
2271 1441 2482 1495 explicatio

244 1521 308 1578 *in
338 1533 386 1559 eo
416 1526 582 1573 peccat,
613 1517 721 1571 qnod
752 1517 919 1556 nimium
951 1516 1072 1562 dicit;
1103 1515 1248 1569 quodsi
1277 1518 1476 1571 Langia-s
1505 1516 1548 1556 in
1578 1516 1797 1569 posteriori
1824 1515 2100 1569 explicationis
2128 1526 2240 1572 parte
2279 1533 2322 1559 se
2351 1519 2482 1560 conti-

264 1597 446 1644 nuisset,
478 1595 626 1650 »quod
648 1609 729 1634 non
758 1593 907 1633 habent
940 1593 1049 1647 quod
1080 1593 1302 1647 perdant«,
1357 1604 1451 1631 sane
1494 1591 1661 1645 propius
1699 1590 1843 1632 fuisset
1879 1604 1998 1644 vero,
2039 1601 2087 1634 nt
2119 1608 2211 1636 mox
2245 1594 2480 1636 videbimus.

270 1673 485 1720 Caeterum
517 1671 576 1711 Cl.
607 1675 806 1726 Langius
835 1670 943 1724 quod
974 1671 1107 1710 locum
1136 1683 1157 1708 a
1187 1669 1417 1723 glossatore·
1439 1667 1726 1721 interpolatum
1764 1681 1849 1708 esse
1881 1669 2132 1722 suspicatur,
2170 1671 2211 1711 in
2251 1684 2299 1711 eo
2337 1671 2482 1712 merito

268 1749 537 1803 reprehensus
567 1754 628 1786 est
658 1760 679 1784 a
711 1749 886 1788 Kritzio
913 1753 982 1793 ret,
1016 1745 1124 1798 quod
1157 1758 1205 1784 ex
1236 1747 1404 1787 Kritzii
1431 1745 1690 1785 annotatione
1719 1744 1801 1784 vidi
1828 1757 1851 1784 a
1878 1747 2136 1792 Frotschero
2156 1746 2283 1788 obss.
2315 1748 2357 1788 in
2386 1747 2479 1789 Sall.

268 1843 306 1882 p.
343 1830 405 1865 15.
463 1824 660 1877 Equidem
693 1823 860 1862 omnino
890 1824 1026 1862 nescio
1064 1835 1165 1875 quae
1202 1829 1309 1861 tauta
1348 1821 1467 1875 hujus
1506 1820 1600 1860 loci
1624 1819 1837 1860 difficultas
1868 1820 2076 1873 effecerit,
2122 1830 2169 1863 ut
2203 1823 2246 1863 in
2276 1836 2325 1864 eo
2354 1824 2480 1878 expli-

271 1903 398 1943 cando
429 1909 510 1940 tam
544 1900 659 1939 multi
691 1899 844 1938 suerint
874 1899 1141 1951 interpretes:
1170 1898 1315 1937 etenim
1345 1912 1483 1938 sensus
1511 1898 1651 1951 planus
1681 1910 1766 1937 esse
1796 1898 1976 1938 videtur:
2006 1912 2229 1954 egestas
2257 1915 2331 1954 pro
2355 1906 2484 1958 egeni

269 1979 450 2028 dictum,
487 1984 535 2017 ut
563 1976 615 2015 sit
654 1977 782 2030 egeni
813 1990 899 2016 non
918 1976 1067 2032 facile
1112 1977 1314 2016 damnum
1352 1978 1642 2029 experiuntur.
1705 1974 1901 2015 Similiter
1930 1976 2124 2018 Damius
2160 1978 2406 2018 Animadvv.
2439 1979 2481 2019 in

272 2056 432 2097 Sallust.
464 2051 539 2094 Cat
584 2051 818 2107 (Brunsuic.
854 2052 982 2099 1780)
1037 2051 1260 2104 »quonium
1299 2051 1339 2090 in
1379 2057 1552 2105 egestate
1588 2064 1660 2090 sua
1689 2065 1771 2091 non
1810 2050 1977 2090 multum
2008 2051 2141 2093 damni
2168 2054 2352 2109 accipere
2389 2070 2483 2109 pos-

272 2139 445 2176 »sunt;«
476 2131 571 2170 item
601 2132 774 2172 Cortius
801 2127 1021 2180 »quoniam
1052 2141 1202 2182 egenus
1231 2127 1399 2180 quilibet
1427 2142 1512 2167 esse
1541 2134 1676 2181 potest
1702 2128 1787 2167 sine
1817 2136 1925 2167 metu
1958 2114 2152 2179 domuisti
2191 2132 2259 2183 qui
2300 2132 2404 2174 idem
2445 2141 2485 2173 et

273 2211 349 2252 alia
377 2208 512 2249 laudat
541 2213 581 2247 et
615 2208 814 2248 Petronii
857 2205 957 2244 illud
996 2203 1124 2245 cxlx
1162 2209 1283 2259 inops
1326 2208 1519 2248 audacia
1557 2217 1649 2248 tuta
1683 2217 1760 2247 est.
1831 2206 1948 2268 Bene
1987 2205 2122 2246 locum
2162 2207 2316 2248 Gallice
2353 2210 2487 2249 reddit

275 2290 522 2332 Mollevaut
554 2282 686 2338 (Paris
721 2281 849 2334 1813)
878 2293 992 2323 etse
1029 2285 1267 2323 nourissent
1304 2296 1409 2322 sans
1451 2284 1618 2323 crainte
1653 2283 1707 2323 de
1745 2284 1928 2324 troubles
1963 2293 2006 2325 et
2046 2285 2102 2326 de
2138 2286 2369 2335 se'ditionu
2410 2290 2487 2330 des

274 2365 528 2407 mise‘rables
556 2367 675 2403 n'ont
705 2362 801 2402 rien
831 2360 861 2400 ὰ
886 2361 1057 2410 perdre.
1117 2357 1185 2397 Sic
1215 2364 1346 2397 autem
1376 2359 1623 2400 habetur*-
1649 2355 1756 2400 idem
1787 2364 1847 2397 est
1874 2365 1993 2411 atque
2019 2370 2182 2402 natura
2209 2375 2288 2419 sua
2317 2373 2405 2412 est,
2440 2371 2486 2403 ut

275 2455 360 2495 cap.
392 2441 407 2478 1
436 2442 574 2481 virtus
600 2440 725 2479 clara
756 2446 1018 2488 aeternaque
1047 2436 1181 2477 habe
1197 2446 1312 2483 tur,
1341 2434 1365 2473 i-
1389 2446 1422 2473 e.
1447 2437 1585 2476 virtus
1610 2445 1773 2476 natura
1800 2448 1878 2476 sua
1900 2447 1963 2478 est
1986 2438 2114 2479 clara
2131 2447 2259 2491 atque
2288 2450 2483 2483 aeterna·

218 2516 235 2531 ⁶
275 2519 396 2558 Hunc
425 2515 559 2554 locum
587 2520 633 2552 nt
661 2524 872 2566 perperam
903 2509 1099 2563 intellexit
1143 2513 1472 2559 Kunhardtim,
1516 2508 1586 2562 qui
1629 2509 1752 2548 »Non
1789 2508 1985 2561 habetur,
2027 2511 2179 2565 inquit,
2215 2526 2287 2553 sen
2323 2513 2487 2559 ducitug⁵

276 2602 483 2642 »tantum‚
512 2591 584 2631 sed
609 2603 748 2630 revera
778 2596 837 2627 est
867 2587 1124 2642 praeclara‚«
1167 2587 1220 2626 ita
1255 2586 1444 2640 exemplis
1477 2600 1559 2625 non
1590 2585 1756 2625 omnino
1796 2586 1897 2638 aptio
1932 2587 2131 2628 illustrare
2170 2597 2340 2630 conatur
2376 2595 2485 2636 Cor.

273 2675 385 2720 εἰμες
416 2676 455 2708 at
482 2668 645 2723 egregie
662 2695 674 2715 ‚
707 2672 753 2704 ut
782 2663 909 2713 solet,
940 2666 1190 2719 Herzogius
1222 2664 1329 2702 inter
1356 2663 1433 2703 alia
1459 2664 1514 2702 ita
1543 2663 1739 2716 disputat:
1782 2663 2160 2721 .»Uebergetragen
2188 2666 2262 2707 auf
2283 2667 2354 2710 dn
2372 2672 2485 2714 We·

274 2765 379 2792 »sen
409 2747 491 2787 und
520 2750 640 2800 Seyn
670 2744 781 2783 eines
809 2744 963 2797 Dinges
993 2742 1226 2782 bezeichnet
1253 2745 1408 2784 haberi
1452 2740 1564 2780 nicht
1603 2739 1668 2779 die
1705 2752 1898 2784 concrete
1933 2744 2161 2794 Realitdc,
2203 2745 2380 2787 sondern
2418 2747 2486 2790 das

275 2830 455 2871 »iuncte
483 2824 813 2878 selbststandige
839 2819 1010 2861 Bleiben
1039 2818 1122 2859 und
1151 2818 1382 2860 Verweilen
1409 2819 1452 2860 in
1480 2818 1611 2859 einem
1640 2816 1841 2858 zustande
1873 2818 1999 2860 durch
2027 2820 2172 2876 eigene
2199 2821 2353 2863 Krassm
2388 2825 2485 2876 Qno
