<?xml version="1.0" encoding="UTF-8"?>
<!DOCTYPE html PUBLIC "-//W3C//DTD XHTML 1.0 Transitional//EN"
    "http://www.w3.org/TR/xhtml1/DTD/xhtml1-transitional.dtd">
<html xmlns="http://www.w3.org/1999/xhtml" xml:lang="en" lang="en">
 <head>
  <title>
</title>
<meta http-equiv="Content-Type" content="text/html;charset=utf-8" />
  <meta name='ocr-system' content='tesseract 3.04.00' />
  <meta name='ocr-capabilities' content='ocr_page ocr_carea ocr_par ocr_line ocrx_word'/>
</head>
<body>
  <div class='ocr_page' id='page_1' title='image "4766863_0027.png"; bbox 0 0 2802 3280; ppageno 0'>
   <div class='ocr_carea' id='block_1_1' title="bbox 1300 253 1553 318">
    <p class='ocr_par' dir='ltr' id='par_1_1' title="bbox 1300 253 1553 318">
     <span class='ocr_line' id='line_1_1' title="bbox 1300 253 1553 318; baseline -0.004 0"><span class='ocrx_word' id='word_1_1' title='bbox 1300 253 1553 318; x_wconf 65' lang='grc' dir='ltr'>(Η)</span> 
     </span>
    </p>
   </div>
   <div class='ocr_carea' id='block_1_2' title="bbox 268 380 2581 2901">
    <p class='ocr_par' dir='ltr' id='par_1_2' title="bbox 268 380 2581 2581">
     <span class='ocr_line' id='line_1_2' title="bbox 320 380 2543 443; baseline 0 -11"><span class='ocrx_word' id='word_1_2' title='bbox 320 389 484 441; x_wconf 74' lang='grc' dir='ltr'><strong><em>ἐπειδή)</em></strong></span> <span class='ocrx_word' id='word_1_3' title='bbox 510 388 638 428; x_wconf 78' lang='lat' dir='ltr'>fuisse</span> <span class='ocrx_word' id='word_1_4' title='bbox 667 386 792 433; x_wconf 63' lang='lat' dir='ltr'>dicitg</span> <span class='ocrx_word' id='word_1_5' title='bbox 818 383 928 426; x_wconf 78' lang='lat' dir='ltr'>unde</span> <span class='ocrx_word' id='word_1_6' title='bbox 953 392 1214 440; x_wconf 75' lang='lat' dir='ltr'>sequeretur,</span> <span class='ocrx_word' id='word_1_7' title='bbox 1257 397 1342 426; x_wconf 80' lang='lat' dir='ltr'>non</span> <span class='ocrx_word' id='word_1_8' title='bbox 1371 384 1431 427; x_wconf 75' lang='lat' dir='ltr'>ita</span> <span class='ocrx_word' id='word_1_9' title='bbox 1463 383 1623 440; x_wconf 71' lang='lat' dir='ltr'>pridem</span> <span class='ocrx_word' id='word_1_10' title='bbox 1649 380 1966 441; x_wconf 51' lang='lat' dir='ltr'>«fuisse-tempus</span> <span class='ocrx_word' id='word_1_11' title='bbox 2001 384 2128 439; x_wconf 64' lang='lat' dir='ltr'>itt-id,-</span> <span class='ocrx_word' id='word_1_12' title='bbox 2163 392 2266 443; x_wconf 63' lang='grc' dir='ltr'>φο</span> <span class='ocrx_word' id='word_1_13' title='bbox 2286 404 2311 430; x_wconf 81' lang='lat' dir='ltr'>a</span> <span class='ocrx_word' id='word_1_14' title='bbox 2349 387 2543 433; x_wconf 66' lang='lat' dir='ltr'>barbarie</span> 
     </span>
     <span class='ocr_line' id='line_1_3' title="bbox 322 462 2534 518; baseline 0 -12"><span class='ocrx_word' id='word_1_15' title='bbox 322 466 471 509; x_wconf 85' lang='lat' dir='ltr'>Graeci</span> <span class='ocrx_word' id='word_1_16' title='bbox 497 464 713 518; x_wconf 79' lang='lat' dir='ltr'>transerint</span> <span class='ocrx_word' id='word_1_17' title='bbox 738 462 788 503; x_wconf 84' lang='lat' dir='ltr'>ad</span> <span class='ocrx_word' id='word_1_18' title='bbox 817 462 1041 504; x_wconf 86' lang='lat' dir='ltr'>mollitiem.</span> <span class='ocrx_word' id='word_1_19' title='bbox 1100 464 1146 504; x_wconf 85' lang='lat' dir='ltr'>In</span> <span class='ocrx_word' id='word_1_20' title='bbox 1174 462 1354 504; x_wconf 84' lang='lat' dir='ltr'>molliori</span> <span class='ocrx_word' id='word_1_21' title='bbox 1379 464 1461 503; x_wconf 75' lang='lat' dir='ltr'>vita</span> <span class='ocrx_word' id='word_1_22' title='bbox 1486 462 1709 504; x_wconf 85' lang='lat' dir='ltr'>deserenda</span> <span class='ocrx_word' id='word_1_23' title='bbox 1735 470 1778 503; x_wconf 88' lang='lat' dir='ltr'>et</span> <span class='ocrx_word' id='word_1_24' title='bbox 1804 462 2037 504; x_wconf 70' lang='lat' dir='ltr'>inmodico</span> <span class='ocrx_word' id='word_1_25' title='bbox 2066 473 2107 505; x_wconf 84' lang='lat' dir='ltr'>et</span> <span class='ocrx_word' id='word_1_26' title='bbox 2133 464 2534 518; x_wconf 56' lang='lat' dir='ltr'>aequabilior-{cultu</span> 
     </span>
     <span class='ocr_line' id='line_1_4' title="bbox 268 521 2535 598; baseline 0.002 -18"><span class='ocrx_word' id='word_1_27' title='bbox 268 568 271 572; x_wconf 88' lang='lat'>-</span> <span class='ocrx_word' id='word_1_28' title='bbox 319 541 470 581; x_wconf 88' lang='lat' dir='ltr'>tuendo</span> <span class='ocrx_word' id='word_1_29' title='bbox 503 540 623 581; x_wconf 86' lang='lat' dir='ltr'>duces</span> <span class='ocrx_word' id='word_1_30' title='bbox 653 538 799 579; x_wconf 85' lang='lat' dir='ltr'>deinde</span> <span class='ocrx_word' id='word_1_31' title='bbox 828 538 1068 580; x_wconf 86' lang='lat' dir='ltr'>exstiterunt</span> <span class='ocrx_word' id='word_1_32' title='bbox 1094 537 1429 589; x_wconf 83' lang='lat' dir='ltr'>Lacedaemonii,</span> <span class='ocrx_word' id='word_1_33' title='bbox 1475 537 1742 592; x_wconf 65' lang='lat' dir='ltr'>quoritaque</span> <span class='ocrx_word' id='word_1_34' title='bbox 1781 521 1912 581; x_wconf 79' lang='lat' dir='ltr'>multo</span> <span class='ocrx_word' id='word_1_35' title='bbox 1937 540 2159 582; x_wconf 68' lang='lat' dir='ltr'>recentiori</span> <span class='ocrx_word' id='word_1_36' title='bbox 2196 544 2316 584; x_wconf 77' lang='lat' dir='ltr'>etiam</span> <span class='ocrx_word' id='word_1_37' title='bbox 2349 533 2535 598; x_wconf 75' lang='lat' dir='ltr'>tempore</span> 
     </span>
     <span class='ocr_line' id='line_1_5' title="bbox 317 613 2544 671; baseline 0.001 -15"><span class='ocrx_word' id='word_1_38' title='bbox 317 618 366 657; x_wconf 81' lang='lat' dir='ltr'>ad</span> <span class='ocrx_word' id='word_1_39' title='bbox 397 617 502 657; x_wconf 88' lang='lat' dir='ltr'>illam</span> <span class='ocrx_word' id='word_1_40' title='bbox 539 614 866 671; x_wconf 72' lang='lat' dir='ltr'>aequabilitatem</span> <span class='ocrx_word' id='word_1_41' title='bbox 908 614 1194 669; x_wconf 86' lang='lat' dir='ltr'>modicumque</span> <span class='ocrx_word' id='word_1_42' title='bbox 1237 613 1389 656; x_wconf 87' lang='lat' dir='ltr'>cultum</span> <span class='ocrx_word' id='word_1_43' title='bbox 1428 613 1660 668; x_wconf 80' lang='lat' dir='ltr'>pervenisse</span> <span class='ocrx_word' id='word_1_44' title='bbox 1694 615 1922 656; x_wconf 81' lang='lat' dir='ltr'>necessario</span> <span class='ocrx_word' id='word_1_45' title='bbox 1959 617 2264 659; x_wconf 76' lang='lat' dir='ltr'>concedendum</span> <span class='ocrx_word' id='word_1_46' title='bbox 2309 629 2447 662; x_wconf 79' lang='lat' dir='ltr'>esset.-</span> <span class='ocrx_word' id='word_1_47' title='bbox 2479 621 2544 660; x_wconf 77' lang='lat' dir='ltr'>At·</span> 
     </span>
     <span class='ocr_line' id='line_1_6' title="bbox 317 688 2533 748; baseline 0 -15"><span class='ocrx_word' id='word_1_48' title='bbox 317 694 406 747; x_wconf 89' lang='lat' dir='ltr'>quis</span> <span class='ocrx_word' id='word_1_49' title='bbox 434 692 595 733; x_wconf 86' lang='lat' dir='ltr'>tandem</span> <span class='ocrx_word' id='word_1_50' title='bbox 625 691 702 733; x_wconf 90' lang='lat' dir='ltr'>hoc</span> <span class='ocrx_word' id='word_1_51' title='bbox 732 691 952 742; x_wconf 83' lang='lat' dir='ltr'>concedat,</span> <span class='ocrx_word' id='word_1_52' title='bbox 981 691 1060 734; x_wconf 88' lang='lat' dir='ltr'>nisi</span> <span class='ocrx_word' id='word_1_53' title='bbox 1090 691 1160 745; x_wconf 88' lang='lat' dir='ltr'>qui</span> <span class='ocrx_word' id='word_1_54' title='bbox 1190 691 1372 748; x_wconf 77' lang='lat' dir='ltr'>Lycurgi</span> <span class='ocrx_word' id='word_1_55' title='bbox 1401 688 1511 746; x_wconf 82' lang='lat' dir='ltr'>leges</span> <span class='ocrx_word' id='word_1_56' title='bbox 1539 697 1583 730; x_wconf 89' lang='lat' dir='ltr'>et</span> <span class='ocrx_word' id='word_1_57' title='bbox 1609 689 2019 733; x_wconf 75' lang='lat' dir='ltr'>Lacedaemoniorum</span> <span class='ocrx_word' id='word_1_58' title='bbox 2047 694 2140 742; x_wconf 61' lang='grc' dir='ltr'>τὴν,</span> <span class='ocrx_word' id='word_1_59' title='bbox 2161 696 2373 738; x_wconf 64' lang='grc' dir='ltr'>»κα-λαιὰν</span> <span class='ocrx_word' id='word_1_60' title='bbox 2400 699 2533 745; x_wconf 58' lang='grc' dir='ltr'><strong>σπλὴ-</strong></span> 
     </span>
     <span class='ocr_line' id='line_1_7' title="bbox 316 765 2533 829; baseline 0 -19"><span class='ocrx_word' id='word_1_61' title='bbox 316 771 484 829; x_wconf 53' lang='lat' dir='ltr'>parma</span> <span class='ocrx_word' id='word_1_62' title='bbox 515 768 676 824; x_wconf 87' lang='lat' dir='ltr'>penitus</span> <span class='ocrx_word' id='word_1_63' title='bbox 706 765 1020 810; x_wconf 81' lang='lat' dir='ltr'>obliviscantur?</span> <span class='ocrx_word' id='word_1_64' title='bbox 1058 768 1141 809; x_wconf 90' lang='lat' dir='ltr'>imo</span> <span class='ocrx_word' id='word_1_65' title='bbox 1174 767 1262 821; x_wconf 89' lang='lat' dir='ltr'>quis</span> <span class='ocrx_word' id='word_1_66' title='bbox 1290 767 1513 817; x_wconf 83' lang='lat' dir='ltr'>concedat,</span> <span class='ocrx_word' id='word_1_67' title='bbox 1543 766 1825 824; x_wconf 81' lang='lat' dir='ltr'>Thucydidem</span> <span class='ocrx_word' id='word_1_68' title='bbox 1864 768 2033 819; x_wconf 75' lang='lat' dir='ltr'>dixisse,</span> <span class='ocrx_word' id='word_1_69' title='bbox 2061 784 2146 811; x_wconf 83' lang='lat' dir='ltr'>uon</span> <span class='ocrx_word' id='word_1_70' title='bbox 2168 767 2228 811; x_wconf 72' lang='lat' dir='ltr'>ita</span> <span class='ocrx_word' id='word_1_71' title='bbox 2250 771 2411 825; x_wconf 75' lang='lat' dir='ltr'>pridem</span> <span class='ocrx_word' id='word_1_72' title='bbox 2439 784 2533 811; x_wconf 88' lang='lat' dir='ltr'>suos</span> 
     </span>
     <span class='ocr_line' id='line_1_8' title="bbox 317 826 2532 898; baseline 0 -13"><span class='ocrx_word' id='word_1_73' title='bbox 317 848 422 885; x_wconf 86' lang='lat' dir='ltr'>cives</span> <span class='ocrx_word' id='word_1_74' title='bbox 453 846 643 885; x_wconf 84' lang='lat' dir='ltr'>incultam</span> <span class='ocrx_word' id='word_1_75' title='bbox 668 846 790 886; x_wconf 79' lang='lat' dir='ltr'>vitam</span> <span class='ocrx_word' id='word_1_76' title='bbox 820 845 1061 894; x_wconf 86' lang='lat' dir='ltr'>deseruisse,</span> <span class='ocrx_word' id='word_1_77' title='bbox 1093 845 1169 885; x_wconf 90' lang='lat' dir='ltr'>nisi</span> <span class='ocrx_word' id='word_1_78' title='bbox 1200 845 1270 898; x_wconf 89' lang='lat' dir='ltr'>qui</span> <span class='ocrx_word' id='word_1_79' title='bbox 1299 844 1484 895; x_wconf 89' lang='lat' dir='ltr'>Solonis,</span> <span class='ocrx_word' id='word_1_80' title='bbox 1521 845 1743 896; x_wconf 79' lang='lat' dir='ltr'>Pisistrati,</span> <span class='ocrx_word' id='word_1_81' title='bbox 1781 826 2065 886; x_wconf 63' lang='lat' dir='ltr'>Themistoclis</span> <span class='ocrx_word' id='word_1_82' title='bbox 2091 854 2136 886; x_wconf 90' lang='lat' dir='ltr'>et</span> <span class='ocrx_word' id='word_1_83' title='bbox 2171 846 2400 887; x_wconf 80' lang='lat' dir='ltr'>divinorum</span> <span class='ocrx_word' id='word_1_84' title='bbox 2428 848 2532 886; x_wconf 65' lang='lat' dir='ltr'>Poe-</span> 
     </span>
     <span class='ocr_line' id='line_1_9' title="bbox 314 919 2533 975; baseline 0 -13"><span class='ocrx_word' id='word_1_85' title='bbox 314 932 445 962; x_wconf 82' lang='lat' dir='ltr'>tarum</span> <span class='ocrx_word' id='word_1_86' title='bbox 472 923 804 975; x_wconf 84' lang='lat' dir='ltr'>Rhetorumque,</span> <span class='ocrx_word' id='word_1_87' title='bbox 834 923 906 975; x_wconf 88' lang='lat' dir='ltr'>qui</span> <span class='ocrx_word' id='word_1_88' title='bbox 933 921 1003 960; x_wconf 88' lang='lat' dir='ltr'>diu</span> <span class='ocrx_word' id='word_1_89' title='bbox 1031 928 1123 960; x_wconf 87' lang='lat' dir='ltr'>ante</span> <span class='ocrx_word' id='word_1_90' title='bbox 1153 933 1244 960; x_wconf 90' lang='lat' dir='ltr'>eum</span> <span class='ocrx_word' id='word_1_91' title='bbox 1274 919 1446 960; x_wconf 85' lang='lat' dir='ltr'>Athenis</span> <span class='ocrx_word' id='word_1_92' title='bbox 1476 919 1725 970; x_wconf 81' lang='lat' dir='ltr'>floruerant,</span> <span class='ocrx_word' id='word_1_93' title='bbox 1763 920 1841 961; x_wconf 81' lang='lat' dir='ltr'>nisi</span> <span class='ocrx_word' id='word_1_94' title='bbox 1887 921 1957 974; x_wconf 86' lang='lat' dir='ltr'>qui</span> <span class='ocrx_word' id='word_1_95' title='bbox 1997 928 2182 962; x_wconf 76' lang='lat' dir='ltr'>aeternae</span> <span class='ocrx_word' id='word_1_96' title='bbox 2210 922 2330 962; x_wconf 86' lang='lat' dir='ltr'>ctiam</span> <span class='ocrx_word' id='word_1_97' title='bbox 2358 925 2407 962; x_wconf 79' lang='lat' dir='ltr'>ex</span> <span class='ocrx_word' id='word_1_98' title='bbox 2434 923 2533 962; x_wconf 87' lang='lat' dir='ltr'>Per·</span> 
     </span>
     <span class='ocr_line' id='line_1_10' title="bbox 315 988 2531 1054; baseline 0 -15"><span class='ocrx_word' id='word_1_99' title='bbox 315 1000 408 1039; x_wconf 89' lang='lat' dir='ltr'>sicis</span> <span class='ocrx_word' id='word_1_100' title='bbox 437 998 553 1038; x_wconf 77' lang='lat' dir='ltr'>bellis</span> <span class='ocrx_word' id='word_1_101' title='bbox 580 1006 717 1052; x_wconf 83' lang='lat' dir='ltr'>partae</span> <span class='ocrx_word' id='word_1_102' title='bbox 747 996 902 1052; x_wconf 84' lang='lat' dir='ltr'>gloriae</span> <span class='ocrx_word' id='word_1_103' title='bbox 932 1010 1023 1037; x_wconf 88' lang='lat' dir='ltr'>eum</span> <span class='ocrx_word' id='word_1_104' title='bbox 1051 996 1129 1036; x_wconf 86' lang='lat' dir='ltr'>hoc</span> <span class='ocrx_word' id='word_1_105' title='bbox 1158 996 1250 1037; x_wconf 92' lang='lat' dir='ltr'>loco</span> <span class='ocrx_word' id='word_1_106' title='bbox 1280 995 1450 1036; x_wconf 87' lang='lat' dir='ltr'>oblitum</span> <span class='ocrx_word' id='word_1_107' title='bbox 1481 1009 1568 1038; x_wconf 86' lang='lat' dir='ltr'>csse</span> <span class='ocrx_word' id='word_1_108' title='bbox 1595 997 1795 1038; x_wconf 80' lang='lat' dir='ltr'>statuant?</span> <span class='ocrx_word' id='word_1_109' title='bbox 1850 988 1926 1038; x_wconf 75' lang='lat' dir='ltr'>His</span> <span class='ocrx_word' id='word_1_110' title='bbox 1964 997 2101 1051; x_wconf 87' lang='lat' dir='ltr'>itaque</span> <span class='ocrx_word' id='word_1_111' title='bbox 2129 998 2316 1040; x_wconf 84' lang='lat' dir='ltr'>omnibus</span> <span class='ocrx_word' id='word_1_112' title='bbox 2352 1012 2429 1054; x_wconf 81' lang='lat' dir='ltr'>ego</span> <span class='ocrx_word' id='word_1_113' title='bbox 2469 999 2531 1039; x_wconf 86' lang='lat' dir='ltr'>in-</span> 
     </span>
     <span class='ocr_line' id='line_1_11' title="bbox 315 1073 2581 1136; baseline -0 -20"><span class='ocrx_word' id='word_1_114' title='bbox 315 1077 444 1116; x_wconf 86' lang='lat' dir='ltr'>ducor</span> <span class='ocrx_word' id='word_1_115' title='bbox 472 1083 518 1116; x_wconf 88' lang='lat' dir='ltr'>ut</span> <span class='ocrx_word' id='word_1_116' title='bbox 547 1075 731 1125; x_wconf 86' lang='lat' dir='ltr'>credam,</span> <span class='ocrx_word' id='word_1_117' title='bbox 760 1073 883 1114; x_wconf 75' lang='lat' dir='ltr'>verba</span> <span class='ocrx_word' id='word_1_118' title='bbox 923 1074 1026 1116; x_wconf 80' lang='grc' dir='ltr'>διὰ</span> <span class='ocrx_word' id='word_1_119' title='bbox 1062 1074 1130 1116; x_wconf 83' lang='grc' dir='ltr'>τὸ</span> <span class='ocrx_word' id='word_1_120' title='bbox 1168 1074 1541 1133; x_wconf 72' lang='grc' dir='ltr'><em>ἁβροδίαιτον</em></span> <span class='ocrx_word' id='word_1_121' title='bbox 1582 1087 1673 1114; x_wconf 87' lang='lat' dir='ltr'>cum</span> <span class='ocrx_word' id='word_1_122' title='bbox 1715 1074 1978 1117; x_wconf 72' lang='grc' dir='ltr'><strong><em>ἐπαύσαντο</em></strong></span> <span class='ocrx_word' id='word_1_123' title='bbox 2020 1074 2227 1130; x_wconf 63' lang='lat' dir='ltr'>conjungi&gt;</span> <span class='ocrx_word' id='word_1_124' title='bbox 2257 1073 2370 1116; x_wconf 86' lang='lat' dir='ltr'>nullo</span> <span class='ocrx_word' id='word_1_125' title='bbox 2408 1075 2537 1116; x_wconf 80' lang='lat' dir='ltr'>modo</span> <span class='ocrx_word' id='word_1_126' title='bbox 2577 1132 2581 1136; x_wconf 21' lang='grc' dir='ltr'>ι</span> 
     </span>
     <span class='ocr_line' id='line_1_12' title="bbox 311 1143 2528 1207; baseline 0 -14"><span class='ocrx_word' id='word_1_127' title='bbox 311 1166 441 1207; x_wconf 85' lang='lat' dir='ltr'>posse.</span> <span class='ocrx_word' id='word_1_128' title='bbox 499 1152 555 1191; x_wconf 86' lang='lat' dir='ltr'>At</span> <span class='ocrx_word' id='word_1_129' title='bbox 582 1152 700 1192; x_wconf 87' lang='lat' dir='ltr'>video</span> <span class='ocrx_word' id='word_1_130' title='bbox 731 1159 864 1192; x_wconf 87' lang='lat' dir='ltr'>tamen</span> <span class='ocrx_word' id='word_1_131' title='bbox 894 1149 1169 1192; x_wconf 84' lang='lat' dir='ltr'>Clarissimum</span> <span class='ocrx_word' id='word_1_132' title='bbox 1196 1151 1432 1204; x_wconf 86' lang='lat' dir='ltr'>Popponem</span> <span class='ocrx_word' id='word_1_133' title='bbox 1461 1150 1516 1190; x_wconf 87' lang='lat' dir='ltr'>ita</span> <span class='ocrx_word' id='word_1_134' title='bbox 1545 1150 1812 1204; x_wconf 83' lang='lat' dir='ltr'>conjunxisse.</span> <span class='ocrx_word' id='word_1_135' title='bbox 1870 1150 1923 1190; x_wconf 87' lang='lat' dir='ltr'>Et</span> <span class='ocrx_word' id='word_1_136' title='bbox 1951 1149 2049 1192; x_wconf 90' lang='lat' dir='ltr'>mihi</span> <span class='ocrx_word' id='word_1_137' title='bbox 2094 1143 2331 1206; x_wconf 61' lang='lat' dir='ltr'>quidem³in</span> <span class='ocrx_word' id='word_1_138' title='bbox 2361 1152 2448 1207; x_wconf 85' lang='lat' dir='ltr'>ejus</span> <span class='ocrx_word' id='word_1_139' title='bbox 2479 1152 2528 1193; x_wconf 91' lang='lat' dir='ltr'>li-</span> 
     </span>
     <span class='ocr_line' id='line_1_13' title="bbox 313 1231 2526 1286; baseline 0 -15"><span class='ocrx_word' id='word_1_140' title='bbox 313 1232 388 1271; x_wconf 91' lang='lat' dir='ltr'>bro</span> <span class='ocrx_word' id='word_1_141' title='bbox 418 1231 597 1285; x_wconf 83' lang='lat' dir='ltr'>legenti,</span> <span class='ocrx_word' id='word_1_142' title='bbox 628 1246 756 1286; x_wconf 80' lang='lat' dir='ltr'>quam</span> <span class='ocrx_word' id='word_1_143' title='bbox 783 1242 960 1273; x_wconf 82' lang='lat' dir='ltr'>secun</span> <span class='ocrx_word' id='word_1_144' title='bbox 976 1231 1038 1271; x_wconf 87' lang='lat' dir='ltr'>do</span> <span class='ocrx_word' id='word_1_145' title='bbox 1068 1232 1157 1272; x_wconf 86' lang='lat' dir='ltr'>loco</span> <span class='ocrx_word' id='word_1_146' title='bbox 1184 1231 1398 1282; x_wconf 76' lang='lat' dir='ltr'>posuimus</span> <span class='ocrx_word' id='word_1_147' title='bbox 1426 1231 1757 1283; x_wconf 74' lang='lat' dir='ltr'>explicationem</span> <span class='ocrx_word' id='word_1_148' title='bbox 1794 1231 1979 1271; x_wconf 83' lang='lat' dir='ltr'>omnium</span> <span class='ocrx_word' id='word_1_149' title='bbox 2014 1232 2219 1284; x_wconf 83' lang='lat' dir='ltr'>optimam</span> <span class='ocrx_word' id='word_1_150' title='bbox 2254 1231 2526 1286; x_wconf 80' lang='lat' dir='ltr'>judicamus,</span> 
     </span>
     <span class='ocr_line' id='line_1_14' title="bbox 313 1304 2527 1360; baseline 0.001 -12"><span class='ocrx_word' id='word_1_151' title='bbox 313 1308 444 1349; x_wconf 85' lang='lat' dir='ltr'>statim</span> <span class='ocrx_word' id='word_1_152' title='bbox 474 1308 516 1346; x_wconf 88' lang='lat' dir='ltr'>in</span> <span class='ocrx_word' id='word_1_153' title='bbox 546 1314 720 1346; x_wconf 85' lang='lat' dir='ltr'>mentem</span> <span class='ocrx_word' id='word_1_154' title='bbox 747 1306 879 1354; x_wconf 83' lang='lat' dir='ltr'>venit,</span> <span class='ocrx_word' id='word_1_155' title='bbox 909 1321 1080 1348; x_wconf 82' lang='lat' dir='ltr'>secun</span> <span class='ocrx_word' id='word_1_156' title='bbox 1094 1308 1155 1347; x_wconf 84' lang='lat' dir='ltr'>do</span> <span class='ocrx_word' id='word_1_157' title='bbox 1182 1319 1202 1343; x_wconf 88' lang='lat' dir='ltr'>a</span> <span class='ocrx_word' id='word_1_158' title='bbox 1231 1306 1332 1344; x_wconf 82' lang='lat' dir='ltr'>Viro</span> <span class='ocrx_word' id='word_1_159' title='bbox 1361 1304 1540 1358; x_wconf 72' lang='lat' dir='ltr'>Egregie</span> <span class='ocrx_word' id='word_1_160' title='bbox 1569 1305 1764 1358; x_wconf 85' lang='lat' dir='ltr'>scriptum</span> <span class='ocrx_word' id='word_1_161' title='bbox 1796 1318 1882 1344; x_wconf 87' lang='lat' dir='ltr'>esse</span> <span class='ocrx_word' id='word_1_162' title='bbox 1912 1305 2052 1345; x_wconf 85' lang='lat' dir='ltr'>calami</span> <span class='ocrx_word' id='word_1_163' title='bbox 2080 1305 2215 1360; x_wconf 85' lang='lat' dir='ltr'>lapsu,</span> <span class='ocrx_word' id='word_1_164' title='bbox 2262 1313 2381 1359; x_wconf 88' lang='lat' dir='ltr'>atque</span> <span class='ocrx_word' id='word_1_165' title='bbox 2425 1307 2527 1350; x_wconf 72' lang='lat' dir='ltr'>ier-</span> 
     </span>
     <span class='ocr_line' id='line_1_15' title="bbox 313 1372 2527 1442; baseline 0.001 -19"><span class='ocrx_word' id='word_1_166' title='bbox 313 1390 393 1428; x_wconf 79' lang='lat' dir='ltr'>tio</span> <span class='ocrx_word' id='word_1_167' title='bbox 436 1384 652 1439; x_wconf 82' lang='lat' dir='ltr'>legendum</span> <span class='ocrx_word' id='word_1_168' title='bbox 694 1397 798 1429; x_wconf 79' lang='lat' dir='ltr'>esse:</span> <span class='ocrx_word' id='word_1_169' title='bbox 841 1383 970 1422; x_wconf 87' lang='lat' dir='ltr'>donec</span> <span class='ocrx_word' id='word_1_170' title='bbox 1009 1382 1050 1420; x_wconf 89' lang='lat' dir='ltr'>in</span> <span class='ocrx_word' id='word_1_171' title='bbox 1094 1384 1322 1420; x_wconf 62' lang='lat' dir='ltr'>Anmmms</span> <span class='ocrx_word' id='word_1_172' title='bbox 1363 1381 1568 1435; x_wconf 83' lang='lat' dir='ltr'>legerem:</span> <span class='ocrx_word' id='word_1_173' title='bbox 1607 1381 1742 1422; x_wconf 74' lang='grc' dir='ltr'><strong><em>»Διὰ</em></strong></span> <span class='ocrx_word' id='word_1_174' title='bbox 1781 1382 1848 1423; x_wconf 82' lang='grc' dir='ltr'>τὸ</span> <span class='ocrx_word' id='word_1_175' title='bbox 1873 1383 2091 1442; x_wconf 54' lang='lat' dir='ltr'>depo&amp;</span> <span class='ocrx_word' id='word_1_176' title='bbox 2143 1396 2234 1428; x_wconf 83' lang='lat' dir='ltr'>cum</span> <span class='ocrx_word' id='word_1_177' title='bbox 2285 1372 2527 1440; x_wconf 77' lang='grc' dir='ltr'><strong><em>φοροῦντες</em></strong></span> 
     </span>
     <span class='ocr_line' id='line_1_16' title="bbox 312 1457 2525 1516; baseline -0.001 -15"><span class='ocrx_word' id='word_1_178' title='bbox 312 1462 430 1516; x_wconf 83' lang='lat' dir='ltr'>jungi</span> <span class='ocrx_word' id='word_1_179' title='bbox 451 1460 538 1501; x_wconf 82' lang='lat' dir='ltr'>vult</span> <span class='ocrx_word' id='word_1_180' title='bbox 563 1459 786 1509; x_wconf 88' lang='lat' dir='ltr'>Arnold.«,</span> <span class='ocrx_word' id='word_1_181' title='bbox 816 1459 1005 1498; x_wconf 68' lang='lat' dir='ltr'>undede</span> <span class='ocrx_word' id='word_1_182' title='bbox 1036 1459 1125 1497; x_wconf 84' lang='lat' dir='ltr'>Viri</span> <span class='ocrx_word' id='word_1_183' title='bbox 1154 1471 1292 1497; x_wconf 85' lang='lat' dir='ltr'>errore</span> <span class='ocrx_word' id='word_1_184' title='bbox 1310 1487 1321 1506; x_wconf 87' lang='lat'>,</span> <span class='ocrx_word' id='word_1_185' title='bbox 1366 1459 1436 1510; x_wconf 90' lang='lat' dir='ltr'>qui</span> <span class='ocrx_word' id='word_1_186' title='bbox 1465 1458 1562 1496; x_wconf 84' lang='lat' dir='ltr'>mihi</span> <span class='ocrx_word' id='word_1_187' title='bbox 1591 1457 1782 1507; x_wconf 79' lang='lat' dir='ltr'>videtur,</span> <span class='ocrx_word' id='word_1_188' title='bbox 1822 1458 1983 1499; x_wconf 85' lang='lat' dir='ltr'>tandem</span> <span class='ocrx_word' id='word_1_189' title='bbox 2024 1458 2122 1498; x_wconf 89' lang='lat' dir='ltr'>mihi</span> <span class='ocrx_word' id='word_1_190' title='bbox 2161 1472 2394 1513; x_wconf 85' lang='lat' dir='ltr'>persuasum</span> <span class='ocrx_word' id='word_1_191' title='bbox 2429 1466 2525 1500; x_wconf 86' lang='lat' dir='ltr'>erat.</span> 
     </span>
     <span class='ocr_line' id='line_1_17' title="bbox 314 1523 2526 1591; baseline -0.002 -12"><span class='ocrx_word' id='word_1_192' title='bbox 314 1538 419 1580; x_wconf 90' lang='lat' dir='ltr'>Cum</span> <span class='ocrx_word' id='word_1_193' title='bbox 448 1545 582 1577; x_wconf 89' lang='lat' dir='ltr'>autem</span> <span class='ocrx_word' id='word_1_194' title='bbox 611 1537 853 1586; x_wconf 86' lang='lat' dir='ltr'>arbitrarer,</span> <span class='ocrx_word' id='word_1_195' title='bbox 884 1523 1056 1575; x_wconf 84' lang='lat' dir='ltr'>erratum</span> <span class='ocrx_word' id='word_1_196' title='bbox 1089 1549 1172 1574; x_wconf 89' lang='lat' dir='ltr'>esse</span> <span class='ocrx_word' id='word_1_197' title='bbox 1204 1549 1223 1573; x_wconf 89' lang='lat' dir='ltr'>a</span> <span class='ocrx_word' id='word_1_198' title='bbox 1256 1535 1376 1585; x_wconf 82' lang='lat' dir='ltr'>Viro,</span> <span class='ocrx_word' id='word_1_199' title='bbox 1409 1535 1524 1588; x_wconf 83' lang='lat' dir='ltr'>cujus</span> <span class='ocrx_word' id='word_1_200' title='bbox 1552 1542 1632 1573; x_wconf 87' lang='lat' dir='ltr'>tam</span> <span class='ocrx_word' id='word_1_201' title='bbox 1666 1548 1809 1588; x_wconf 82' lang='lat' dir='ltr'>magna</span> <span class='ocrx_word' id='word_1_202' title='bbox 1845 1543 1939 1574; x_wconf 91' lang='lat' dir='ltr'>sunt</span> <span class='ocrx_word' id='word_1_203' title='bbox 1976 1535 2018 1575; x_wconf 90' lang='lat' dir='ltr'>in</span> <span class='ocrx_word' id='word_1_204' title='bbox 2049 1535 2329 1591; x_wconf 79' lang='lat' dir='ltr'>Thucydidem</span> <span class='ocrx_word' id='word_1_205' title='bbox 2360 1536 2526 1587; x_wconf 86' lang='lat' dir='ltr'>metita,</span> 
     </span>
     <span class='ocr_line' id='line_1_18' title="bbox 311 1610 2527 1664; baseline -0.001 -10"><span class='ocrx_word' id='word_1_206' title='bbox 311 1629 448 1654; x_wconf 85' lang='lat' dir='ltr'>meum</span> <span class='ocrx_word' id='word_1_207' title='bbox 476 1627 562 1653; x_wconf 87' lang='lat' dir='ltr'>esse</span> <span class='ocrx_word' id='word_1_208' title='bbox 593 1612 701 1662; x_wconf 80' lang='lat' dir='ltr'>duxi,</span> <span class='ocrx_word' id='word_1_209' title='bbox 730 1619 792 1661; x_wconf 90' lang='lat' dir='ltr'>ut,</span> <span class='ocrx_word' id='word_1_210' title='bbox 823 1612 957 1664; x_wconf 81' lang='lat' dir='ltr'>siquid</span> <span class='ocrx_word' id='word_1_211' title='bbox 986 1611 1163 1650; x_wconf 83' lang='lat' dir='ltr'>diversae</span> <span class='ocrx_word' id='word_1_212' title='bbox 1192 1611 1413 1649; x_wconf 86' lang='lat' dir='ltr'>sentcntiae</span> <span class='ocrx_word' id='word_1_213' title='bbox 1443 1623 1742 1663; x_wconf 85' lang='lat' dir='ltr'>proponerem,</span> <span class='ocrx_word' id='word_1_214' title='bbox 1773 1610 1815 1648; x_wconf 87' lang='lat' dir='ltr'>id</span> <span class='ocrx_word' id='word_1_215' title='bbox 1844 1611 2069 1650; x_wconf 85' lang='lat' dir='ltr'>reverentia</span> <span class='ocrx_word' id='word_1_216' title='bbox 2097 1610 2330 1660; x_wconf 78' lang='lat' dir='ltr'>Viri,&#39;licet</span> <span class='ocrx_word' id='word_1_217' title='bbox 2357 1611 2527 1651; x_wconf 80' lang='lat' dir='ltr'>sortasse</span> 
     </span>
     <span class='ocr_line' id='line_1_19' title="bbox 312 1684 2528 1741; baseline -0.001 -11"><span class='ocrx_word' id='word_1_218' title='bbox 312 1690 450 1730; x_wconf 89' lang='lat' dir='ltr'>multis</span> <span class='ocrx_word' id='word_1_219' title='bbox 478 1689 638 1736; x_wconf 85' lang='lat' dir='ltr'>verbis,</span> <span class='ocrx_word' id='word_1_220' title='bbox 673 1701 790 1740; x_wconf 81' lang='lat' dir='ltr'>quam</span> <span class='ocrx_word' id='word_1_221' title='bbox 819 1699 977 1739; x_wconf 87' lang='lat' dir='ltr'>possem</span> <span class='ocrx_word' id='word_1_222' title='bbox 1005 1694 1137 1724; x_wconf 88' lang='lat' dir='ltr'>tamen</span> <span class='ocrx_word' id='word_1_223' title='bbox 1166 1685 1458 1724; x_wconf 82' lang='lat' dir='ltr'>accuratissime</span> <span class='ocrx_word' id='word_1_224' title='bbox 1487 1684 1671 1723; x_wconf 87' lang='lat' dir='ltr'>facerem.</span> <span class='ocrx_word' id='word_1_225' title='bbox 1739 1685 1938 1738; x_wconf 88' lang='lat' dir='ltr'>Equidem</span> <span class='ocrx_word' id='word_1_226' title='bbox 1969 1686 2095 1741; x_wconf 83' lang='lat' dir='ltr'>igitur</span> <span class='ocrx_word' id='word_1_227' title='bbox 2126 1685 2279 1727; x_wconf 90' lang='lat' dir='ltr'>Scholii</span> <span class='ocrx_word' id='word_1_228' title='bbox 2311 1685 2528 1728; x_wconf 86' lang='lat' dir='ltr'>Cassellani</span> 
     </span>
     <span class='ocr_line' id='line_1_20' title="bbox 316 1761 2524 1823; baseline -0.001 -17"><span class='ocrx_word' id='word_1_229' title='bbox 316 1766 418 1808; x_wconf 87' lang='lat' dir='ltr'>Cod.</span> <span class='ocrx_word' id='word_1_230' title='bbox 448 1770 613 1823; x_wconf 68' lang='grc' dir='ltr'>»ὑπερ</span> <span class='ocrx_word' id='word_1_231' title='bbox 629 1764 835 1818; x_wconf 83' lang='grc' dir='ltr'><strong><em>βατὺν,</em></strong></span> <span class='ocrx_word' id='word_1_232' title='bbox 867 1765 922 1803; x_wconf 84' lang='grc' dir='ltr'>δι</span> <span class='ocrx_word' id='word_1_233' title='bbox 938 1764 968 1803; x_wconf 82' lang='grc' dir='ltr'><em>ὰ</em></span> <span class='ocrx_word' id='word_1_234' title='bbox 999 1781 1029 1802; x_wconf 88' lang='grc' dir='ltr'><strong>τ</strong></span> <span class='ocrx_word' id='word_1_235' title='bbox 1048 1762 1070 1801; x_wconf 88' lang='grc' dir='ltr'>ὺ</span> <span class='ocrx_word' id='word_1_236' title='bbox 1102 1765 1131 1802; x_wconf 85' lang='grc' dir='ltr'><em>ἁ</em></span> <span class='ocrx_word' id='word_1_237' title='bbox 1147 1762 1353 1818; x_wconf 81' lang='grc' dir='ltr'><strong><em>βροδία</em></strong></span> <span class='ocrx_word' id='word_1_238' title='bbox 1370 1778 1430 1802; x_wconf 88' lang='grc' dir='ltr'>ιτ</span> <span class='ocrx_word' id='word_1_239' title='bbox 1447 1777 1543 1812; x_wconf 79' lang='lat' dir='ltr'>ov«,</span> <span class='ocrx_word' id='word_1_240' title='bbox 1560 1761 1739 1815; x_wconf 84' lang='lat' dir='ltr'>vestigiis</span> <span class='ocrx_word' id='word_1_241' title='bbox 1768 1761 1976 1810; x_wconf 85' lang='lat' dir='ltr'>insistens,</span> <span class='ocrx_word' id='word_1_242' title='bbox 2008 1774 2102 1801; x_wconf 84' lang='lat' dir='ltr'>sane</span> <span class='ocrx_word' id='word_1_243' title='bbox 2132 1761 2317 1811; x_wconf 86' lang='lat' dir='ltr'>credam,</span> <span class='ocrx_word' id='word_1_244' title='bbox 2355 1761 2424 1802; x_wconf 90' lang='lat' dir='ltr'>has</span> <span class='ocrx_word' id='word_1_245' title='bbox 2453 1778 2524 1803; x_wconf 88' lang='lat' dir='ltr'>vo-</span> 
     </span>
     <span class='ocr_line' id='line_1_21' title="bbox 313 1835 2525 1896; baseline -0.002 -12"><span class='ocrx_word' id='word_1_246' title='bbox 313 1857 379 1884; x_wconf 85' lang='lat' dir='ltr'>ces</span> <span class='ocrx_word' id='word_1_247' title='bbox 410 1855 494 1882; x_wconf 88' lang='lat' dir='ltr'>esse</span> <span class='ocrx_word' id='word_1_248' title='bbox 522 1841 709 1894; x_wconf 87' lang='lat' dir='ltr'>trajectas</span> <span class='ocrx_word' id='word_1_249' title='bbox 739 1846 780 1878; x_wconf 86' lang='lat' dir='ltr'>et</span> <span class='ocrx_word' id='word_1_250' title='bbox 808 1853 898 1878; x_wconf 88' lang='lat' dir='ltr'>cum</span> <span class='ocrx_word' id='word_1_251' title='bbox 930 1841 1175 1896; x_wconf 73' lang='grc' dir='ltr'><strong><em>φοροῦντες</em></strong></span> <span class='ocrx_word' id='word_1_252' title='bbox 1202 1835 1453 1891; x_wconf 81' lang='lat' dir='ltr'>jungendas,</span> <span class='ocrx_word' id='word_1_253' title='bbox 1495 1836 1639 1877; x_wconf 87' lang='lat' dir='ltr'>deinde</span> <span class='ocrx_word' id='word_1_254' title='bbox 1679 1850 1776 1877; x_wconf 81' lang='lat' dir='ltr'>vero</span> <span class='ocrx_word' id='word_1_255' title='bbox 1815 1837 1963 1892; x_wconf 83' lang='lat' dir='ltr'>insigni</span> <span class='ocrx_word' id='word_1_256' title='bbox 2007 1838 2172 1891; x_wconf 88' lang='lat' dir='ltr'>quadam</span> <span class='ocrx_word' id='word_1_257' title='bbox 2205 1838 2525 1893; x_wconf 84' lang='lat' dir='ltr'>breviloquentia</span> 
     </span>
     <span class='ocr_line' id='line_1_22' title="bbox 313 1914 2526 1973; baseline -0.001 -12"><span class='ocrx_word' id='word_1_258' title='bbox 313 1921 411 1962; x_wconf 85' lang='lat' dir='ltr'>duas</span> <span class='ocrx_word' id='word_1_259' title='bbox 439 1930 586 1972; x_wconf 83' lang='lat' dir='ltr'>easque</span> <span class='ocrx_word' id='word_1_260' title='bbox 618 1917 793 1957; x_wconf 77' lang='lat' dir='ltr'>diversas</span> <span class='ocrx_word' id='word_1_261' title='bbox 821 1915 1038 1957; x_wconf 88' lang='lat' dir='ltr'>sententias</span> <span class='ocrx_word' id='word_1_262' title='bbox 1078 1915 1119 1954; x_wconf 90' lang='lat' dir='ltr'>in</span> <span class='ocrx_word' id='word_1_263' title='bbox 1156 1928 1276 1954; x_wconf 88' lang='lat' dir='ltr'>unam</span> <span class='ocrx_word' id='word_1_264' title='bbox 1314 1914 1630 1954; x_wconf 84' lang='lat' dir='ltr'>enuntiationem</span> <span class='ocrx_word' id='word_1_265' title='bbox 1669 1928 1753 1954; x_wconf 86' lang='lat' dir='ltr'>esse</span> <span class='ocrx_word' id='word_1_266' title='bbox 1798 1923 2032 1955; x_wconf 83' lang='lat' dir='ltr'>contractas.</span> <span class='ocrx_word' id='word_1_267' title='bbox 2106 1916 2267 1967; x_wconf 89' lang='lat' dir='ltr'>Quibus</span> <span class='ocrx_word' id='word_1_268' title='bbox 2309 1917 2526 1973; x_wconf 73' lang='lat' dir='ltr'>diiigenter</span> 
     </span>
     <span class='ocr_line' id='line_1_23' title="bbox 312 1992 2524 2053; baseline 0 -15"><span class='ocrx_word' id='word_1_269' title='bbox 312 1998 512 2039; x_wconf 89' lang='lat' dir='ltr'>distinctis</span> <span class='ocrx_word' id='word_1_270' title='bbox 541 1994 872 2044; x_wconf 73' lang='lat' dir='ltr'>dicendum,est:</span> <span class='ocrx_word' id='word_1_271' title='bbox 920 1994 997 2034; x_wconf 82' lang='grc' dir='ltr'>καὶ</span> <span class='ocrx_word' id='word_1_272' title='bbox 1032 1996 1074 2034; x_wconf 85' lang='grc' dir='ltr'>οἱ</span> <span class='ocrx_word' id='word_1_273' title='bbox 1103 1993 1392 2050; x_wconf 74' lang='grc' dir='ltr'><strong><em>πρεσβύτεροι</em></strong></span> <span class='ocrx_word' id='word_1_274' title='bbox 1432 1995 1585 2042; x_wconf 84' lang='grc' dir='ltr'><strong><em>αὐτοῖς</em></strong></span> <span class='ocrx_word' id='word_1_275' title='bbox 1621 1997 1713 2035; x_wconf 75' lang='grc' dir='ltr'>τῶν</span> <span class='ocrx_word' id='word_1_276' title='bbox 1749 1992 2019 2047; x_wconf 76' lang='grc' dir='ltr'><strong><em>εὐδαιμόνων</em></strong></span> <span class='ocrx_word' id='word_1_277' title='bbox 2049 1992 2125 2034; x_wconf 80' lang='grc' dir='ltr'>διὰ</span> <span class='ocrx_word' id='word_1_278' title='bbox 2150 1994 2207 2034; x_wconf 80' lang='grc' dir='ltr'>τὸ</span> <span class='ocrx_word' id='word_1_279' title='bbox 2235 1997 2524 2053; x_wconf 69' lang='grc' dir='ltr'><strong><em>ἁβροδίαιτον</em></strong></span> 
     </span>
     <span class='ocr_line' id='line_1_24' title="bbox 312 2067 2523 2135; baseline -0.001 -20"><span class='ocrx_word' id='word_1_280' title='bbox 312 2073 510 2135; x_wconf 75' lang='grc' dir='ltr'><strong><em>χιτῶνάς</em></strong></span> <span class='ocrx_word' id='word_1_281' title='bbox 538 2088 591 2115; x_wconf 86' lang='grc' dir='ltr'>τε</span> <span class='ocrx_word' id='word_1_282' title='bbox 622 2073 773 2121; x_wconf 78' lang='grc' dir='ltr'><strong><em>λινοῦς</em></strong></span> <span class='ocrx_word' id='word_1_283' title='bbox 818 2067 1059 2128; x_wconf 72' lang='grc' dir='ltr'><strong><em>ἐφόρουν</em></strong></span> <span class='ocrx_word' id='word_1_284' title='bbox 1091 2069 1204 2109; x_wconf 81' lang='grc' dir='ltr'><strong><em>καὶ.</em></strong></span> <span class='ocrx_word' id='word_1_285' title='bbox 1238 2100 1247 2109; x_wconf 92' lang='grc'><strong>.</strong></span> <span class='ocrx_word' id='word_1_286' title='bbox 1280 2100 1289 2109; x_wconf 94' lang='grc'><em>.</em></span> <span class='ocrx_word' id='word_1_287' title='bbox 1322 2099 1332 2110; x_wconf 87' lang='grc'><strong>.</strong></span> <span class='ocrx_word' id='word_1_288' title='bbox 1376 2069 1717 2112; x_wconf 77' lang='grc' dir='ltr'><strong><em>ἀνεδοῦντο</em></strong></span> <span class='ocrx_word' id='word_1_289' title='bbox 1749 2101 1759 2110; x_wconf 93' lang='grc'><strong>.</strong></span> <span class='ocrx_word' id='word_1_290' title='bbox 1797 2100 1807 2109; x_wconf 90' lang='grc'><strong>.</strong></span> <span class='ocrx_word' id='word_1_291' title='bbox 1839 2100 1849 2111; x_wconf 92' lang='grc'><em>.</em></span> <span class='ocrx_word' id='word_1_292' title='bbox 1893 2074 2082 2127; x_wconf 73' lang='grc' dir='ltr'><strong><em>τριχῶν,</em></strong></span> <span class='ocrx_word' id='word_1_293' title='bbox 2122 2073 2216 2112; x_wconf 79' lang='grc' dir='ltr'>καὶ</span> <span class='ocrx_word' id='word_1_294' title='bbox 2254 2074 2314 2112; x_wconf 78' lang='grc' dir='ltr'>οὐ</span> <span class='ocrx_word' id='word_1_295' title='bbox 2352 2074 2523 2122; x_wconf 82' lang='grc' dir='ltr'><strong><em>πολὺς</em></strong></span> 
     </span>
     <span class='ocr_line' id='line_1_25' title="bbox 312 2143 2525 2213; baseline 0.001 -29"><span class='ocrx_word' id='word_1_296' title='bbox 312 2152 511 2213; x_wconf 62' lang='grc' dir='ltr'>χρόνος</span> <span class='ocrx_word' id='word_1_297' title='bbox 541 2148 727 2197; x_wconf 67' lang='grc' dir='ltr'><strong><em>ἐπειδὴ</em></strong></span> <span class='ocrx_word' id='word_1_298' title='bbox 759 2146 1121 2189; x_wconf 54' lang='grc' dir='ltr'><strong><em>ἐποιήσαντο.</em></strong></span> <span class='ocrx_word' id='word_1_299' title='bbox 1181 2145 1314 2194; x_wconf 84' lang='lat' dir='ltr'>Quam</span> <span class='ocrx_word' id='word_1_300' title='bbox 1344 2143 1542 2198; x_wconf 86' lang='lat' dir='ltr'>duplicem</span> <span class='ocrx_word' id='word_1_301' title='bbox 1571 2145 1808 2185; x_wconf 81' lang='lat' dir='ltr'>sententiam</span> <span class='ocrx_word' id='word_1_302' title='bbox 1840 2161 1920 2186; x_wconf 88' lang='lat' dir='ltr'>una</span> <span class='ocrx_word' id='word_1_303' title='bbox 1949 2147 2225 2187; x_wconf 82' lang='lat' dir='ltr'>enuntiatione</span> <span class='ocrx_word' id='word_1_304' title='bbox 2254 2155 2363 2186; x_wconf 90' lang='lat' dir='ltr'>recte</span> <span class='ocrx_word' id='word_1_305' title='bbox 2390 2149 2525 2187; x_wconf 83' lang='lat' dir='ltr'>reddit</span> 
     </span>
     <span class='ocr_line' id='line_1_26' title="bbox 309 2223 2526 2283; baseline -0.001 -13"><span class='ocrx_word' id='word_1_306' title='bbox 309 2228 519 2283; x_wconf 87' lang='lat' dir='ltr'>Popponis</span> <span class='ocrx_word' id='word_1_307' title='bbox 550 2223 855 2279; x_wconf 86' lang='lat' dir='ltr'>interpretatio:</span> <span class='ocrx_word' id='word_1_308' title='bbox 882 2238 968 2265; x_wconf 81' lang='lat' dir='ltr'>non</span> <span class='ocrx_word' id='word_1_309' title='bbox 997 2224 1171 2264; x_wconf 82' lang='lat' dir='ltr'>multum</span> <span class='ocrx_word' id='word_1_310' title='bbox 1199 2224 1398 2275; x_wconf 80' lang='lat' dir='ltr'>temporis</span> <span class='ocrx_word' id='word_1_311' title='bbox 1431 2224 1688 2275; x_wconf 81' lang='lat' dir='ltr'>praeteriit,</span> <span class='ocrx_word' id='word_1_312' title='bbox 1728 2238 1784 2264; x_wconf 76' lang='lat' dir='ltr'>ex</span> <span class='ocrx_word' id='word_1_313' title='bbox 1813 2239 1918 2278; x_wconf 81' lang='lat' dir='ltr'>quo,</span> <span class='ocrx_word' id='word_1_314' title='bbox 1949 2238 2057 2278; x_wconf 84' lang='lat' dir='ltr'>quas</span> <span class='ocrx_word' id='word_1_315' title='bbox 2085 2225 2230 2267; x_wconf 80' lang='lat' dir='ltr'>adhuc</span> <span class='ocrx_word' id='word_1_316' title='bbox 2257 2226 2526 2268; x_wconf 82' lang='lat' dir='ltr'>delicatioris</span> 
     </span>
     <span class='ocr_line' id='line_1_27' title="bbox 309 2294 2523 2357; baseline -0.005 -7"><span class='ocrx_word' id='word_1_317' title='bbox 309 2311 430 2350; x_wconf 78' lang='lat' dir='ltr'>vitae</span> <span class='ocrx_word' id='word_1_318' title='bbox 459 2317 594 2349; x_wconf 77' lang='lat' dir='ltr'>causa</span> <span class='ocrx_word' id='word_1_319' title='bbox 622 2309 908 2357; x_wconf 83' lang='lat' dir='ltr'>gestaverant</span> <span class='ocrx_word' id='word_1_320' title='bbox 936 2301 1128 2345; x_wconf 79' lang='lat' dir='ltr'>tunicas,</span> <span class='ocrx_word' id='word_1_321' title='bbox 1158 2299 1453 2351; x_wconf 80' lang='lat' dir='ltr'>deposuerunt.</span> <span class='ocrx_word' id='word_1_322' title='bbox 1514 2295 1703 2337; x_wconf 87' lang='lat' dir='ltr'>Ceterum</span> <span class='ocrx_word' id='word_1_323' title='bbox 1736 2298 1845 2350; x_wconf 88' lang='lat' dir='ltr'>quod</span> <span class='ocrx_word' id='word_1_324' title='bbox 1877 2300 2017 2352; x_wconf 86' lang='lat' dir='ltr'>Poppo</span> <span class='ocrx_word' id='word_1_325' title='bbox 2056 2299 2153 2353; x_wconf 80' lang='lat' dir='ltr'>dicit</span> <span class='ocrx_word' id='word_1_326' title='bbox 2194 2300 2237 2339; x_wconf 91' lang='lat' dir='ltr'>in</span> <span class='ocrx_word' id='word_1_327' title='bbox 2265 2294 2523 2340; x_wconf 84' lang='lat' dir='ltr'>adnotatione</span> 
     </span>
     <span class='ocr_line' id='line_1_28' title="bbox 311 2371 2523 2429; baseline -0.001 -8"><span class='ocrx_word' id='word_1_328' title='bbox 311 2384 360 2423; x_wconf 81' lang='lat' dir='ltr'>ad</span> <span class='ocrx_word' id='word_1_329' title='bbox 389 2379 611 2426; x_wconf 85' lang='lat' dir='ltr'>Scholion,</span> <span class='ocrx_word' id='word_1_330' title='bbox 643 2377 687 2415; x_wconf 89' lang='lat' dir='ltr'>in</span> <span class='ocrx_word' id='word_1_331' title='bbox 714 2374 915 2429; x_wconf 88' lang='lat' dir='ltr'>opulentis</span> <span class='ocrx_word' id='word_1_332' title='bbox 943 2373 1193 2427; x_wconf 85' lang='lat' dir='ltr'>potissimum</span> <span class='ocrx_word' id='word_1_333' title='bbox 1230 2372 1433 2422; x_wconf 86' lang='lat' dir='ltr'>seniores,</span> <span class='ocrx_word' id='word_1_334' title='bbox 1473 2379 1519 2412; x_wconf 86' lang='lat' dir='ltr'>ut</span> <span class='ocrx_word' id='word_1_335' title='bbox 1555 2371 1687 2414; x_wconf 88' lang='lat' dir='ltr'>solent</span> <span class='ocrx_word' id='word_1_336' title='bbox 1722 2373 1852 2428; x_wconf 82' lang='lat' dir='ltr'>prisca</span> <span class='ocrx_word' id='word_1_337' title='bbox 1890 2375 2083 2429; x_wconf 85' lang='lat' dir='ltr'>probare,</span> <span class='ocrx_word' id='word_1_338' title='bbox 2127 2375 2275 2416; x_wconf 75' lang='lat' dir='ltr'>veteris</span> <span class='ocrx_word' id='word_1_339' title='bbox 2317 2376 2441 2418; x_wconf 86' lang='lat' dir='ltr'>moris</span> <span class='ocrx_word' id='word_1_340' title='bbox 2482 2385 2523 2418; x_wconf 86' lang='lat' dir='ltr'>ct</span> 
     </span>
     <span class='ocr_line' id='line_1_29' title="bbox 310 2442 2251 2516; baseline -0.004 -17"><span class='ocrx_word' id='word_1_341' title='bbox 310 2457 512 2516; x_wconf 82' lang='lat' dir='ltr'>splendidi</span> <span class='ocrx_word' id='word_1_342' title='bbox 538 2452 658 2494; x_wconf 77' lang='lat' dir='ltr'>simul</span> <span class='ocrx_word' id='word_1_343' title='bbox 687 2466 733 2493; x_wconf 88' lang='lat' dir='ltr'>ac</span> <span class='ocrx_word' id='word_1_344' title='bbox 762 2451 961 2491; x_wconf 88' lang='lat' dir='ltr'>barbarici</span> <span class='ocrx_word' id='word_1_345' title='bbox 989 2450 1154 2489; x_wconf 77' lang='lat' dir='ltr'>vestitus</span> <span class='ocrx_word' id='word_1_346' title='bbox 1183 2449 1459 2490; x_wconf 84' lang='lat' dir='ltr'>tenacissimos</span> <span class='ocrx_word' id='word_1_347' title='bbox 1489 2442 1638 2501; x_wconf 63' lang='lat' dir='ltr'>suisse‘,</span> <span class='ocrx_word' id='word_1_348' title='bbox 1670 2463 1720 2491; x_wconf 85' lang='lat' dir='ltr'>eo</span> <span class='ocrx_word' id='word_1_349' title='bbox 1749 2450 1807 2493; x_wconf 85' lang='lat' dir='ltr'>nil</span> <span class='ocrx_word' id='word_1_350' title='bbox 1837 2448 1916 2492; x_wconf 74' lang='lat' dir='ltr'>di‘ci</span> <span class='ocrx_word' id='word_1_351' title='bbox 1944 2452 2077 2493; x_wconf 83' lang='lat' dir='ltr'>verius</span> <span class='ocrx_word' id='word_1_352' title='bbox 2105 2459 2251 2507; x_wconf 84' lang='lat' dir='ltr'>potest.</span> 
     </span>
     <span class='ocr_line' id='line_1_30' title="bbox 1277 2527 1557 2581; baseline 0.011 -19"><span class='ocrx_word' id='word_1_353' title='bbox 1277 2527 1305 2563; x_wconf 87' lang='lat'>1.</span> <span class='ocrx_word' id='word_1_354' title='bbox 1364 2539 1447 2581; x_wconf 87' lang='lat' dir='ltr'>cap.</span> <span class='ocrx_word' id='word_1_355' title='bbox 1493 2529 1557 2565; x_wconf 91' lang='lat'>10.</span> 
     </span>
    </p>

    <p class='ocr_par' dir='ltr' id='par_1_3' title="bbox 308 2602 2561 2901">
     <span class='ocr_line' id='line_1_31' title="bbox 423 2602 2550 2668; baseline 0 -21"><span class='ocrx_word' id='word_1_356' title='bbox 423 2616 493 2668; x_wconf 70' lang='grc' dir='ltr'>τῇ</span> <span class='ocrx_word' id='word_1_357' title='bbox 519 2608 687 2664; x_wconf 82' lang='grc' dir='ltr'><em>Ὁμήρ</em></span> <span class='ocrx_word' id='word_1_358' title='bbox 707 2623 770 2647; x_wconf 85' lang='grc' dir='ltr'>ου</span> <span class='ocrx_word' id='word_1_359' title='bbox 799 2606 873 2646; x_wconf 77' lang='grc' dir='ltr'>αὖ</span> <span class='ocrx_word' id='word_1_360' title='bbox 899 2604 1144 2652; x_wconf 79' lang='grc' dir='ltr'><strong><em>ποιήσει</em></strong></span> <span class='ocrx_word' id='word_1_361' title='bbox 1174 2602 1225 2641; x_wconf 77' lang='grc' dir='ltr'>εἴ</span> <span class='ocrx_word' id='word_1_362' title='bbox 1256 2618 1314 2643; x_wconf 85' lang='grc' dir='ltr'>τι</span> <span class='ocrx_word' id='word_1_363' title='bbox 1342 2603 1438 2661; x_wconf 70' lang='grc' dir='ltr'>χρὴ</span> <span class='ocrx_word' id='word_1_364' title='bbox 1469 2605 1778 2646; x_wconf 67' lang='grc' dir='ltr'><strong><em>κάνταῦθα</em></strong></span> <span class='ocrx_word' id='word_1_365' title='bbox 1806 2606 2131 2648; x_wconf 73' lang='grc' dir='ltr'><strong><em>πιστεύειν.</em></strong></span> <span class='ocrx_word' id='word_1_366' title='bbox 2165 2629 2215 2638; x_wconf 91' lang='grc'><strong>-</strong></span> <span class='ocrx_word' id='word_1_367' title='bbox 2247 2605 2550 2664; x_wconf 35' lang='grc' dir='ltr'>Ωυοιιιειᾱπιοῃ</span> 
     </span>
     <span class='ocr_line' id='line_1_32' title="bbox 309 2678 2521 2743; baseline -0.004 -11"><span class='ocrx_word' id='word_1_368' title='bbox 309 2693 404 2732; x_wconf 87' lang='lat' dir='ltr'>dum</span> <span class='ocrx_word' id='word_1_369' title='bbox 434 2684 678 2743; x_wconf 84' lang='lat' dir='ltr'>praecedens</span> <span class='ocrx_word' id='word_1_370' title='bbox 706 2682 929 2722; x_wconf 72' lang='lat' dir='ltr'>infinitivus</span> <span class='ocrx_word' id='word_1_371' title='bbox 959 2680 1150 2734; x_wconf 69' lang='grc' dir='ltr'><strong><em>νομίζειν</em></strong></span> <span class='ocrx_word' id='word_1_372' title='bbox 1180 2678 1328 2731; x_wconf 84' lang='lat' dir='ltr'>pendet</span> <span class='ocrx_word' id='word_1_373' title='bbox 1357 2692 1379 2716; x_wconf 80' lang='lat' dir='ltr'>a</span> <span class='ocrx_word' id='word_1_374' title='bbox 1407 2691 1506 2717; x_wconf 84' lang='lat' dir='ltr'>voce</span> <span class='ocrx_word' id='word_1_375' title='bbox 1536 2679 1679 2732; x_wconf 52' lang='grc' dir='ltr'><strong><em>εἰκός,</em></strong></span> <span class='ocrx_word' id='word_1_376' title='bbox 1715 2687 1767 2719; x_wconf 70' lang='grc' dir='ltr'>ιιι</span> <span class='ocrx_word' id='word_1_377' title='bbox 1791 2680 1982 2737; x_wconf 77' lang='grc' dir='ltr'><strong><em>νομίζειν</em></strong></span> <span class='ocrx_word' id='word_1_378' title='bbox 2013 2681 2059 2725; x_wconf 77' lang='grc' dir='ltr'>δὲ</span> <span class='ocrx_word' id='word_1_379' title='bbox 2094 2681 2442 2737; x_wconf 78' lang='lat' dir='ltr'>interpretandum</span> <span class='ocrx_word' id='word_1_380' title='bbox 2469 2683 2521 2724; x_wconf 82' lang='lat' dir='ltr'>sit</span> 
     </span>
     <span class='ocr_line' id='line_1_33' title="bbox 311 2756 2519 2817; baseline 0.004 -22"><span class='ocrx_word' id='word_1_381' title='bbox 311 2772 400 2812; x_wconf 63' lang='lat' dir='ltr'>dm.</span> <span class='ocrx_word' id='word_1_382' title='bbox 429 2763 549 2814; x_wconf 59' lang='grc' dir='ltr'><strong><em>ἐἰκός</em></strong></span> <span class='ocrx_word' id='word_1_383' title='bbox 588 2762 804 2817; x_wconf 66' lang='grc' dir='ltr'>φομίζειν;</span> <span class='ocrx_word' id='word_1_384' title='bbox 843 2772 979 2800; x_wconf 79' lang='lat' dir='ltr'>nonne</span> <span class='ocrx_word' id='word_1_385' title='bbox 1009 2758 1062 2797; x_wconf 90' lang='lat' dir='ltr'>ita</span> <span class='ocrx_word' id='word_1_386' title='bbox 1090 2757 1259 2795; x_wconf 82' lang='lat' dir='ltr'>sortasse</span> <span class='ocrx_word' id='word_1_387' title='bbox 1287 2756 1528 2795; x_wconf 81' lang='lat' dir='ltr'>infinitivum</span> <span class='ocrx_word' id='word_1_388' title='bbox 1557 2758 1788 2800; x_wconf 77' lang='grc' dir='ltr'><strong><em>πιστεύειν</em></strong></span> <span class='ocrx_word' id='word_1_389' title='bbox 1810 2756 1858 2797; x_wconf 76' lang='lat' dir='ltr'>ab</span> <span class='ocrx_word' id='word_1_390' title='bbox 1888 2757 2028 2799; x_wconf 86' lang='lat' dir='ltr'>eodem</span> <span class='ocrx_word' id='word_1_391' title='bbox 2056 2758 2156 2809; x_wconf 84' lang='lat' dir='ltr'>illo,</span> <span class='ocrx_word' id='word_1_392' title='bbox 2186 2759 2296 2813; x_wconf 86' lang='lat' dir='ltr'>quod</span> <span class='ocrx_word' id='word_1_393' title='bbox 2320 2759 2370 2800; x_wconf 89' lang='lat' dir='ltr'>ad</span> <span class='ocrx_word' id='word_1_394' title='bbox 2398 2760 2519 2814; x_wconf 83' lang='grc' dir='ltr'><strong><em>νομί·</em></strong></span> 
     </span>
     <span class='ocr_line' id='line_1_34' title="bbox 308 2831 2561 2901; baseline -0.003 -18"><span class='ocrx_word' id='word_1_395' title='bbox 308 2851 396 2901; x_wconf 72' lang='grc' dir='ltr'>ζειν</span> <span class='ocrx_word' id='word_1_396' title='bbox 435 2837 701 2896; x_wconf 82' lang='lat' dir='ltr'>supplendum</span> <span class='ocrx_word' id='word_1_397' title='bbox 739 2844 850 2888; x_wconf 83' lang='lat' dir='ltr'>erat,</span> <span class='ocrx_word' id='word_1_398' title='bbox 893 2835 1004 2885; x_wconf 83' lang='grc' dir='ltr'><strong><em>εἰκὸς</em></strong></span> <span class='ocrx_word' id='word_1_399' title='bbox 1045 2832 1222 2888; x_wconf 81' lang='lat' dir='ltr'>pendere</span> <span class='ocrx_word' id='word_1_400' title='bbox 1266 2832 1473 2874; x_wconf 76' lang='lat' dir='ltr'>dicamus?</span> <span class='ocrx_word' id='word_1_401' title='bbox 1539 2832 1704 2874; x_wconf 86' lang='lat' dir='ltr'>Scilicet</span> <span class='ocrx_word' id='word_1_402' title='bbox 1737 2831 1870 2875; x_wconf 85' lang='lat' dir='ltr'>verbis</span> <span class='ocrx_word' id='word_1_403' title='bbox 1914 2835 1956 2877; x_wconf 75' lang='grc' dir='ltr'>εἴ</span> <span class='ocrx_word' id='word_1_404' title='bbox 1988 2853 2037 2879; x_wconf 82' lang='grc' dir='ltr'>τι</span> <span class='ocrx_word' id='word_1_405' title='bbox 2078 2835 2182 2896; x_wconf 67' lang='grc' dir='ltr'>χρὴ,</span> <span class='ocrx_word' id='word_1_406' title='bbox 2226 2835 2327 2877; x_wconf 85' lang='lat' dir='ltr'>nihil</span> <span class='ocrx_word' id='word_1_407' title='bbox 2370 2842 2521 2876; x_wconf 85' lang='lat' dir='ltr'>mutata</span> <span class='ocrx_word' id='word_1_408' title='bbox 2559 2851 2561 2855; x_wconf 67' lang='grc'>’</span> 
     </span>
    </p>
   </div>
  </div>
 </body>
</html>
