2802 3280
1306 599 1492 716 με.

437 857 567 945 Qni-
593 896 693 952 rim,
725 898 796 952 qui
822 896 920 939 baec
947 897 1102 948 scribo,
1133 895 1339 952 quomodo
1368 893 1470 936 mibi
1495 896 1654 951 venerit
1684 894 1888 938 scribendi
1911 893 2145 952 negotium,
2165 899 2207 933 et
2235 904 2317 949 quo
2342 896 2512 937 maxime

299 979 470 1022 consilio
497 983 725 1038 aeripuerim
745 1012 758 1033 ,
800 966 938 1037 paucis
970 983 1014 1023 in
1049 984 1304 1026 antecessum
1341 983 1589 1024 monendum
1625 991 1700 1025 est.
1768 970 1887 1041 Cum¹
1914 995 2046 1037 nuper
2091 992 2182 1035 pare
2218 979 2342 1038 altera
2377 982 2519 1039 negat

298 1064 454 1121 Belgici
472 1097 485 1118 ,
517 1084 618 1123 quae
645 1085 736 1126 pars
765 1061 1061 1114 recentioribus
1091 1067 1238 1123 linguis
1267 1065 1433 1123 proprie
1459 1077 1626 1110 vocatur
1654 1068 1868 1126 Belgium,
1912 1083 1933 1108 a
1963 1068 2255 1118 GUILLELMO,
2298 1067 2511 1125 &ugustis-

297 1152 401 1193 simo
428 1130 469 1194 it
498 1156 666 1210 Optimo
694 1158 830 1212 Rege,
861 1156 1074 1207 deficeret,
1103 1168 1181 1210 ego
1213 1156 1255 1196 in
1283 1154 1498 1196 Academia
1526 1136 2021 1198 LovaniensiiLiterarum
2049 1154 2319 1207 Antiquarum
2357 1157 2513 1198 Doctoss

299 1239 354 1280 ris
381 1240 533 1294 publici
562 1256 729 1289 munere
758 1226 968 1299 fungebar.
1027 1245 1106 1285 Per
1135 1243 1274 1285 decern
1303 1225 1473 1299 amplius
1501 1255 1627 1283 annos
1655 1243 1696 1283 in
1725 1242 1889 1298 Belgica
1918 1249 2027 1281 terra
2054 1247 2262 1291 versatus,
2301 1241 2441 1296 ibique
2471 1245 2511 1283 in

297 1326 513 1371 Academia
540 1329 779 1386 Lovanienui
805 1330 978 1385 primum
1008 1331 1208 1383 Doctores
1236 1331 1446 1388 egregios,
1478 1329 1624 1371 deinde
1653 1328 1814 1370 eosdem
1843 1328 1993 1369 amicos
2022 1327 2239 1368 benevolos
2281 1309 2331 1368 et*
2355 1320 2514 1386 postre-

299 1427 392 1464 mo,
422 1414 536 1456 annis
565 1415 800 1470 quibusdam
828 1416 1074 1471 interjectis,
1105 1416 1278 1472 collegas
1305 1417 1479 1473 optimos
1508 1423 1650 1458 nactus
1678 1430 1779 1457 sum.
1831 1416 2041 1456 Praeterea
2066 1414 2289 1456 multorum
2318 1430 2410 1458 cum
2441 1433 2511 1475 ge-

298 1502 406 1541 neris
433 1502 642 1544 nobilitate
669 1510 754 1542 tum
783 1503 991 1544 doctrinae
1024 1503 1139 1558 copia
1170 1504 1454 1557 praestantium
1483 1505 1676 1545 Virorum
1707 1503 1853 1558 partim
1883 1500 2175 1544 consuetudine
2215 1503 2360 1557 partim
2396 1504 2511 1547 sami-

296 1590 466 1630 liaritate
496 1590 665 1638 utebar,
694 1597 923 1642 tantamque
952 1591 994 1631 in
1020 1605 1088 1630 me
1118 1590 1297 1632 omnium
1334 1591 1654 1632 benevolentiam
1698 1590 1956 1644 experiebar,
1995 1597 2040 1630 nt
2080 1596 2166 1629 tum
2212 1598 2383 1644 sponte,
2425 1600 2512 1633 tum

299 1678 402 1729 grati
431 1678 551 1717 animi
578 1690 698 1717 sensu
727 1677 912 1731 Belgium
942 1685 1129 1730 tanquam
1158 1692 1301 1717 novam
1330 1654 1497 1732 patriam
1527 1687 1568 1719 et
1596 1677 1740 1732 Belgas
1772 1686 1958 1730 tanquam
1990 1676 2095 1715 cives
2134 1689 2245 1717 meos
2286 1678 2396 1717 omni
2428 1694 2509 1732 quo

299 1764 388 1815 quie
415 1747 549 1815 potest
576 1776 712 1801 amore
740 1777 1019 1815 prosequerer.
1077 1764 1129 1801 Et
1157 1764 1256 1802 mihi
1286 1765 1447 1820 quidem
1477 1764 1576 1804 nibil
1605 1764 1698 1804 mali
1726 1763 1990 1818 praesagienti
2019 1761 2192 1804 feliciter
2223 1762 2417 1818 contigit,
2464 1773 2509 1806 ut

297 1861 370 1902 per
396 1847 532 1902 plures
559 1861 684 1887 anno·
713 1847 874 1900 quietus
916 1848 1103 1901 nullaque
1141 1864 1185 1888 re
1226 1851 1423 1890 distentus
1464 1865 1583 1889 omne
1621 1864 1754 1888 meum
1791 1849 1919 1888 otium
1957 1863 2048 1887 cum
2090 1826 2251 1900 publice
2298 1848 2507 1903 discipulis

297 1934 547 1984 erudiendis,
585 1940 670 1972 tum
709 1934 859 1987 privata
901 1934 1107 1989 diligentia
1144 1937 1260 1976 bonis
1300 1937 1429 1976 literis
1468 1938 1686 1976 tractandis
1723 1918 2008 1988 impenderem.
2085 1934 2297 1986 Quidquid
2336 1939 2505 1994 propius

294 2020 498 2075 spectabat
523 2020 573 2060 ad
600 2019 756 2059 civilem
785 2019 1036 2076 prudentiam
1070 2028 1110 2070 et
1152 2021 1199 2060 ad
1231 2035 1295 2062 res
1333 2022 1512 2076 publicas
1555 2021 1884 2061 administrandas
1924 2020 1964 2058 id
2002 2034 2120 2059 omne
2163 2034 2183 2058 a
2221 2022 2320 2061 meis
2364 1999 2505 2064 studiis

295 2107 469 2158 alienum
498 2113 606 2157 erat,
633 2113 740 2146 certe
770 2119 858 2145 cum
889 2107 1069 2146 instituta
1098 2108 1258 2148 vivendi
1286 2110 1443 2148 ratione
1466 2109 1603 2155 minus
1635 2115 1742 2147 arcte
1773 2106 2066 2146 continebatur.
2124 2108 2179 2146 At
2222 2108 2404 2150 videbam
2447 2121 2504 2152 ta—

294 2207 409 2247 men,
440 2202 481 2236 et
507 2193 629 2236 urbes
657 2202 697 2235 et
726 2193 871 2250 oppida
901 2201 941 2236 et
967 2194 1156 2251 regiones
1186 2208 1347 2248 omnes,
1385 2209 1481 2252 quas
1511 2196 1657 2236 sensim
1686 2194 1943 2250 perlustratas
1972 2193 2317 2248 frequentioribus
2347 2198 2503 2239 itineri·-

295 2283 369 2324 bus
397 2297 688 2338 cognoveram,
717 2282 842 2338 magis
872 2283 1000 2325 indies
1030 2281 1284 2324 efflorescere
1319 2279 1490 2338 imperio
1527 2284 1650 2339 Regis
1681 2282 2002 2340 sapientissimi,
2042 2296 2162 2336 quem
2201 2291 2365 2338 paterna
2409 2301 2504 2328 cura

295 2366 345 2410 de
368 2370 523 2410 civium
554 2383 718 2410 suorum
748 2368 875 2410 salute
917 2375 1115 2424 perpetuo
1153 2367 1277 2409 fuisse
1310 2369 1559 2420 sollicitum,
1599 2376 1640 2408 et
1679 2369 1874 2423 quidquid
1917 2369 2016 2409 utile
2054 2349 2255 2410 bonumve
2298 2372 2502 2428 inceptum

294 2457 651 2506 animadverteret,
679 2455 721 2496 id
751 2455 1022 2497 munificentia
1046 2471 1143 2496 vera
1173 2456 1298 2511 Regia
1326 2471 1530 2511 nunquam
1571 2471 1652 2497 non
1681 2456 1849 2510 juvisse,
1868 2514 1872 2517 Ι
1892 2470 2011 2498 nemo
2051 2455 2113 2496 vel
2151 2458 2369 2501 acerrimus
2409 2461 2502 2502 nlu-

292 2544 476 2584 strissimi
503 2542 702 2596 Principis
729 2542 913 2583 inimicus
941 2556 1088 2597 negare
1117 2544 1266 2597 poterit
1294 2558 1368 2583 nec
1396 2544 1569 2583 audebit.
1629 2545 1733 2583 Hinc
1763 2556 1994 2596 persuasum
2024 2543 2120 2582 mihi
2150 2551 2257 2592 erat,
2279 2545 2410 2598 siquid
2441 2562 2501 2588 es-

293 2638 354 2669 set
382 2629 423 2669 in
451 2629 571 2669 rebus
599 2628 771 2683 publicis
799 2630 882 2669 sive
900 2628 1146 2670 ‘mutandum
1175 2631 1258 2670 sive
1284 2629 1600 2680 emendandum,
1631 2630 1670 2669 id
1701 2643 1820 2670 omne
1851 2636 1891 2669 et
1918 2629 2047 2684 Regis
2071 2629 2291 2683 sapientia,
2331 2638 2370 2670 et
2401 2632 2501 2688 legi-

292 2718 393 2758 timo
422 2717 623 2763 Ordinum
653 2715 828 2767 auxilio,
858 2724 899 2757 et
930 2717 1143 2772 prudentia
1172 2713 1346 2772 denique
1380 2708 1600 2767 Virorum,
1630 2718 1700 2771 qui
1729 2716 1897 2771 singulis
1933 2730 2068 2755 rerum
2098 2716 2346 2773 publicarum
2376 2722 2500 2773 parti-

293 2803 369 2844 bus
397 2810 630 2858 praeerant,
660 2803 801 2845 melius
831 2805 1059 2859 certiusque
1087 2812 1283 2846 mutatum
1311 2806 1387 2859 iri,
1431 2818 1549 2859 quam
1578 2804 1703 2858 siquis
1732 2803 1780 2846 ad
1811 2779 2089 2857 imperitorum
2117 2803 2308 2857 juvenum
2351 2804 2412 2846 vel
2450 2807 2497 2847 ad

559 2889 614 2929 1*
