2802 3280
1272 236 1526 301 (13)

293 371 402 425 apud
435 370 613 411 Graecos
642 368 819 420 itemque
849 367 1012 407 Latinos
1041 365 1257 420 scriptores
1288 365 1410 422 longe
1451 374 1546 408 sunt
1585 366 1957 422 frequentissimae:
1997 383 2122 426 pauca
2159 371 2377 427 exempla„
2405 385 2507 427 quse

296 449 344 488 ad
375 462 533 490 manum
563 453 681 494 sunt,
711 444 960 484 adscribam:
1018 445 1220 483 TBUCYD.
1252 445 1279 482 Ι.
1327 447 1375 481 61
1401 445 1571 486 '112ss
1584 453 1683 494 τοῖς
1707 447 1962 496 Ἀθηναίοις
1990 448 2122 498 εὐθὺς
2149 451 2172 498 ἡ
2201 450 2385 504 ἀγγελία
2411 454 2506 494 τόν

292 526 466 566 πόλεων
494 524 570 565 ὅτι
598 525 844 577 ἀφεστᾶσι.
879 523 906 559 Ι.
938 523 1002 557 93.
1036 523 1110 560 καὶ
1144 522 1246 568 δήλη
1276 523 1298 569 ἡ
1329 521 1559 575 οἰκοδομία
1598 520 1670 560 ἔτι
1704 522 1780 561 καὶ
1814 523 1898 564 νῦν
1927 524 2081 574 ἐστιν,
2109 525 2185 567 ὅτι
2213 524 2336 567 κατὰ
2364 521 2506 567 estob-

290 601 369 649 δὴν
398 600 584 654 ἐγένετο.
642 599 769 636 Pru.
801 600 1027 658 Enthyph.
1059 609 1141 648 cap.
1171 598 1225 634 vt
1259 610 1295 648 p.
1329 598 1366 633 5.
1395 597 1442 634 E.
1474 596 1553 652 ἐρῶ
1580 598 1815 652 τεκμήριον
1842 601 1928 638 τοῦ
1956 601 2095 654 νόμου
2125 600 2202 643 ὅτι
2229 601 2370 652 οὕτως
2399 601 2503 658 ἔχει.

292 692 374 729 cap.
406 677 477 713 Vll
509 690 547 728 p.
582 677 617 712 6.
662 674 713 712 D.
747 673 948 725 ἐδίδαξας
991 673 1048 713 τὸ
1087 672 1216 713 ὅσιον
1252 673 1342 723 ὅ,τί
1380 675 1485 714 ποτ’
1527 673 1605 721 εἴη.
1667 685 1751 726 cap.
1794 673 1870 712 XV
1899 687 1938 728 p.
1969 675 2034 713 13.
2066 675 2115 715 A.
2147 676 2231 726 τὴν
2259 678 2505 734 ,θεραπείαν

289 754 412 795 οὔπω
444 752 617 806 ξυνίημι
644 752 806 800 ἥντινα
836 751 1076 804 ὀνομάζεις.
1136 751 1333 788 lsocmr.
1383 751 1577 790 Panath.
1609 750 1705 788 XIX
1733 748 1903 800 πάντες
1937 751 2069 794 ἴσασι
2104 753 2191 804 τὰς
2218 754 2369 805 πόλεις
2402 786 2412 797 .
2449 786 2459 797 .
2492 787 2502 796 .

289 832 364 873 ὅτι
393 829 715 885 παραμένουσι.
776 830 946 882 Paneg.
980 827 1103 865 XXII.
1136 842 1187 867 m.
1223 825 1405 880 Xenoph.
1443 827 1562 865 Mem.
1596 827 1622 864 1.
1665 828 1703 864 3.
1735 830 1774 867 2.
1813 828 1843 866 1.
1873 830 1910 865 3.
1948 831 1985 868 8.
2043 829 2273 870 Sexcenties
2310 832 2350 870 in
2393 843 2431 871 Ν.
2464 843 2502 871 Τ.

290 924 324 945 v.
359 923 396 962 g.
430 910 512 948 Ev.
543 909 673 947 Joan.
705 920 788 958 cap.
807 908 842 942 9.
876 906 934 943 Ex
965 904 1115 943 Latinis
1145 904 1409 958 scriptoribus
1427 903 1627 956 exempla,
1659 911 1704 942 ut
1732 903 1831 943 illud
1858 905 2051 945 Thmm'r.
2080 908 2197 950 Eun.
2214 909 2264 949 V.
2288 912 2325 946 8.
2343 911 2379 947 5.
2410 912 2505 953 Scis

288 1002 354 1028 me
385 988 432 1026 in
460 984 608 1038 quibus
638 986 718 1025 sim
744 986 948 1037 gaudiis,
978 989 1017 1021 ct
1039 980 1128 1021 Cle.
1161 985 1238 1023 Ad
1257 981 1445 1023 Dile.
1482 982 1498 1018 1
1534 997 1624 1022 rem
1652 983 1776 1032 video
1805 985 2007 1037 quomodo
2037 998 2081 1025 se
2094 985 2272 1033 habeat,
2301 969 2378 1025 bid.
2398 986 2503 1039 apud

286 1061 596 1103 Ramshornium
616 1059 639 1099 l.
662 1060 686 1098 l.
708 1059 769 1099 cfr
790 1061 858 1113 qui
875 1073 921 1099 ex
947 1067 1117 1112 utraque
1136 1058 1272 1113 lingua
1299 1057 1420 1096 multa
1437 1057 1601 1111 collegit
1616 1055 1795 1110 exempla
1807 1060 1973 1102 Dawes
1991 1059 2039 1098 ad
2055 1058 2144 1100 Cle.
2160 1061 2222 1101 De
2239 1061 2288 1102 N.
2304 1063 2355 1101 D.
2384 1064 2413 1101 1.
2430 1065 2501 1102 26.

1308 1133 1472 1174 Ibidem.

403 1215 497 1255 καὶ
525 1217 580 1254 οἱ
610 1213 989 1271 πρεσβύτεροι
1020 1214 1224 1263 αὐτοῖς
1253 1216 1361 1255 τῶν
1402 1209 1788 1266 εὐδαιμόνων,
1827 1210 1921 1253 διὰ
1962 1210 2028 1255 τὸ
2069 1213 2498 1269 ἁβροδίαιτον,

288 1296 352 1334 οὐ
381 1292 563 1340 πολὺς
593 1291 798 1347 χρόνος
829 1289 1023 1336 ἐπειδὴ
1055 1288 1312 1345 χιτῶνάς
1350 1276 1413 1330 τὲ
1456 1291 1660 1337 λινοῦς
1706 1288 2055 1331 ἐπαύσαντο
2092 1295 2428 1347 φοροῦντες
2459 1311 2497 1334 κ.

286 1387 329 1411 τ,
361 1371 405 1410 λ;
432 1390 488 1399 —
516 1366 651 1405 Verba
682 1366 771 1408 διὰ
803 1365 865 1407 τὸ
897 1367 925 1406 ἁ
944 1366 1040 1421 βρο
1059 1366 1263 1408 δίαιτο
1282 1381 1306 1409 ν
1341 1369 1466 1410 Aem.
1499 1367 1656 1408 Portus
1683 1362 1843 1404 videtur
1882 1363 1929 1403 ad
1973 1365 2251 1419 praecedentia
2292 1367 2497 1415 retulisse;

287 1448 407 1487 vertit
437 1445 542 1484 enim
575 1448 647 1501 qui
676 1447 730 1486 de
759 1445 1018 1491 senioribus,
1058 1455 1230 1497 propter
1258 1445 1491 1486 delicatum
1526 1444 1645 1484 vitae
1682 1455 1817 1495 genus
1849 1453 1980 1486 erant
2015 1444 2239 1487 beatiores,
2299 1444 2498 1497 Equidem

285 1527 411 1564 Porto
440 1523 540 1561 hanc
569 1535 678 1560 suam
714 1520 1085 1571 interpretationem
1116 1519 1255 1558 lubens
1285 1519 1518 1572 relinquam.
1580 1517 1722 1557 lisdem
1759 1516 1893 1557 verbis
1931 1517 1979 1558 ad
2007 1520 2214 1572 sequentia
2242 1519 2406 1571 relatis,
2436 1521 2497 1562 di-

284 1614 443 1641 versum
474 1599 643 1637 existere
673 1610 847 1644 sensum,
879 1603 999 1648 prout
1030 1608 1073 1632 ea
1103 1594 1164 1632 vel
1196 1609 1285 1633 cum
1316 1597 1366 1635 οὐ
1396 1596 1536 1644 πολὺς
1560 1594 1736 1652 χρόνος,
1767 1594 1830 1634 vel
1863 1609 1954 1635 cum
1989 1597 2276 1648 ἐπαύσαντο,
2313 1598 2376 1636 vel
2407 1612 2497 1638 cum

285 1682 530 1736 φοροῦντες
561 1675 807 1727 jung-autur,
838 1672 1046 1728 adnotavit·
1072 1670 1132 1710 Cl.
1166 1674 1325 1725 Poppo.
1385 1670 1641 1726 Singularum
1671 1684 1834 1720 rerum,
1873 1684 1973 1724 quae
2003 1671 2080 1712 hoc
2110 1673 2238 1726 capite
2280 1687 2301 1713 a
2330 1675 2496 1730 Thucy-

285 1755 374 1794 cide
404 1758 639 1799 narrantur,
674 1750 735 1788 hic
768 1749 852 1787 fere
884 1762 1007 1787 nexus
1037 1755 1117 1787 est:
1150 1748 1330 1787 »Omnes
1362 1747 1554 1786 Graeciae
1584 1746 1724 1800 populi
1754 1747 1983 1801 antiquitus>
2002 1747 2262 1788 barbarorum
2289 1764 2402 1791 more
2432 1766 2495 1791 ar-

282 1847 376 1871 »ma
407 1829 626 1884 gestabant.
688 1828 731 1864 ln
764 1827 821 1864 his
853 1826 1116 1864 Athenienses
1148 1825 1265 1878 primi
1295 1825 1483 1873 suerunt,
1515 1825 1584 1877 qui
1613 1823 2020 1876 armadeponcrent,
2050 1832 2090 1863 et
2120 1825 2169 1865 ad
2196 1827 2317 1867 vitam
2349 1827 2494 1868 delica-

281 1910 454 1949 „tiorem
481 1905 721 1944 transirent:
753 1917 866 1942 senes
897 1911 1028 1941 autem
1061 1900 1333 1954 opulentiores
1362 1901 1465 1954 apud
1495 1900 1759 1941 Athenienses
1787 1913 1870 1940 non
1909 1902 1963 1941 ita
2001 1902 2155 1956 pridem
2189 1902 2306 1944 lineis
2346 1905 2493 1947 tunicis
2528 1935 2534 1941 .

280 1987 370 2027 »uti
405 1992 444 2025 et
475 1982 614 2036 capitis
646 1994 799 2020 comam
831 1980 1005 2019 molliori
1038 1979 1206 2032 quodam
1238 1978 1345 2017 cultu
1379 1977 1549 2032 religare
1579 1985 1618 2026 et
1647 1991 1790 2016 ornare
1826 1977 2043 2022 desierunt.
2100 1978 2222 2033 Apud
2259 1982 2386 2021 Jones
2426 1981 2492 2023 hie

278 2064 415 2103 »idem
446 2061 575 2101 cultus
602 2064 771 2113 propter
801 2056 961 2110 generis
991 2057 1267 2110 cognationem
1297 2055 1365 2095 diu
1395 2054 1541 2109 viguit3
1571 2053 1854 2094 Lacedemonii
1882 2063 2012 2095 autem
2042 2055 2162 2109 primi
2191 2058 2347 2098 modica
2367 2065 2490 2108 veste,

279 2153 416 2195 »quae
446 2138 495 2178 ad
523 2136 643 2190 hujus
675 2135 813 2174 aetatis
843 2133 1005 2173 modum
1036 2133 1215 2187 proxime
1245 2132 1474 2186 accederet,
1513 2124 1756 2182 utebantur,
1799 2139 1839 2171 ct
1874 2132 2040 2174 omnino
2070 2132 2112 2173 in
2132 2132 2299 2187 ,reliquo
2329 2151 2491 2191 quoque

276 2218 412 2256 »vitae
443 2214 555 2254 cultu
584 2211 905 2265 aequabilitatem
934 2211 1128 2264 quandam
1157 2211 1282 2264 plebis
1313 2217 1352 2249 et
1381 2209 1571 2250 ditiorum
1600 2210 1853 2250 servabant.«
1881 2209 2052 2264 Reliqua
2079 2210 2245 2261 omitto,
2274 2212 2367 2266 quia
2394 2213 2492 2256 haec

277 2295 327 2335 ad
357 2293 492 2332 locum
523 2298 704 2329 nostrum
738 2289 1013 2342 explicandum
1046 2288 1260 2327 sufficiunt.
1330 2288 1534 2341 Apparet,
1574 2287 1823 2343 Thucydidis
1868 2294 2043 2327 mentem
2080 2287 2218 2342 paucis
2259 2290 2392 2331 verbis
2431 2292 2491 2332 ita

277 2385 361 2412 esse
391 2367 657 2409 reddendam:
690 2386 709 2403 »
729 2368 876 2406 Graeci
907 2366 1130 2419 antiquitus>
1156 2366 1274 2404 vitam
1303 2365 1443 2404 rudem
1473 2364 1665 2420 agebant,
1697 2364 1841 2405 deinde
1870 2365 1918 2405 ad
1950 2365 2069 2406 vitam
2097 2364 2258 2406 mollem
2291 2375 2330 2407 et
2359 2367 2490 2410 effoe-

272 2448 490 2487 »minatam
518 2443 793 2492 transierunt,
826 2458 901 2496 qua
931 2442 1078 2482 sensim
1107 2450 1253 2481 mutata
1283 2443 1331 2480 ad
1360 2441 1593 2481 hodiernam
1622 2441 1796 2496 denique
1823 2442 1943 2482 vitam
1975 2449 2266 2496 pervenerunt3
2294 2451 2340 2483 ut
2356 2452 2489 2487 autem

273 2525 354 2565 »ad
383 2523 585 2563 mitiorem
615 2520 765 2559 cultum
797 2521 1062 2560 Athenienses
1092 2519 1212 2558 duces
1233 2519 1488 2569 exstiterant,
1509 2520 1563 2559 ita
1577 2519 1882 2562 Lacedaemonii
1900 2520 2104 2562 modicum
2131 2519 2246 2560 illum
2275 2528 2315 2562 et
2341 2536 2489 2577 aequa.

271 2602 489 2642 »biliorem
517 2599 638 2654 primi
668 2606 783 2637 eraut
810 2598 879 2650 qui
912 2604 1133 2636 tuerentur.
1152 2613 1172 2631 «
1229 2597 1352 2657 Quod
1389 2597 1523 2649 itaque
1566 2597 1716 2637 Noster
1758 2597 1809 2637 de
1847 2597 1963 2640 lineis
2003 2595 2151 2637 tunicis
2179 2596 2487 2650 Atheniensium

271 2681 398 2727 dicit,
428 2676 763 2732 ejuszsententiae
791 2682 1038 2713 momentum
1070 2688 1188 2713 omne
1218 2675 1258 2712 in
1289 2687 1338 2713 eo
1369 2681 1594 2727 spectatur,
1638 2674 1758 2727 quod.
1787 2674 1985 2728 ejusmodi
2024 2673 2180 2715 tunicas
2220 2675 2486 2718 Athenienses

272 2747 586 2811 reipsa‘gestare
616 2752 830 2805 aliquando
862 2751 1166 2799 consueverint,
1200 2750 1347 2803 quippe
1374 2751 1467 2790 hinc
1497 2751 1638 2804 utique
1667 2751 1820 2792 desumi
1849 2759 1981 2804 potest
2007 2751 2111 2793 vitae
2139 2750 2336 2792 mollioris
2363 2766 2486 2807 argu-

270 2842 476 2879 mentum5
507 2843 637 2883 neque
668 2843 765 2869 vero
797 2828 918 2868 ullius
950 2828 1115 2867 omnino
1146 2827 1360 2877 momenti,
1399 2827 1449 2874 ad
1486 2834 1736 2881 praesentem
1774 2833 1883 2870 certe
1915 2827 2212 2881 quaestionem,
2257 2839 2345 2885 esse
2372 2828 2487 2875 vide,
