2802 3280
1299 217 1514 276 (8)

304 348 356 383 77
390 346 643 396 et.90,·ubi
668 350 859 399 tolerare
887 356 1119 400 egestatem
1150 345 1331 388 alterius
1372 344 1472 383 nibil
1512 345 1618 385 aliud
1660 352 1742 394 est,
1784 358 1901 399 quam
1947 345 2116 384 alterum
2154 341 2380 397 adjuvando
2418 341 2504 394 ejus

302 429 516 475 egestatem
545 422 595 462 ab
624 423 712 476 ipso
742 421 885 462 tollere
913 429 953 461 et
981 435 1070 461 eam
1097 420 1300 461 serendam
1331 421 1373 460 in
1411 434 1455 462 se
1491 422 1606 475 quasi
1641 422 1869 475 suscipere:
1927 422 1978 462 de
2017 434 2100 475 quo
2143 435 2262 460 sensu
2303 419 2503 458 neminem

304 498 451 547 credo,
467 499 529 538 vel
561 499 694 539 obiter
723 498 853 539 Plauti
883 498 993 538 locos
1025 497 1321 551 inspicientem,
1352 497 1547 538 dubitare.
1577 497 1622 537 Si
1651 499 1782 552 itaque
1812 498 2037 537 Sallustiani
2068 498 2172 547 loci,
2216 497 2265 535 de
2303 510 2384 550 quo
2421 495 2504 548 agi-

235 615 241 619 ,
300 580 390 623 tur,
420 573 527 621 huuc
553 588 638 615 esse
666 588 825 615 sensum
855 581 1095 615 statuamus:
1122 577 1298 631 juvenes
1325 579 1398 631 ‘7¹⁴1'
1437 590 1642 627 manuum
1681 556 1811 630 opera
1850 578 2020 630 inopiae
2056 567 2394 632 satisfecerant,
2435 572 2505 624 qui

299 647 405 688 idem
433 663 570 690 seusus
599 664 690 690 cum
721 653 938 706 Herzogii
964 649 1302 707 interpretatione.
1324 652 1549 695 consentit;
1579 651 1621 688 in
1652 663 1701 688 eo
1729 651 1901 703 primum
1928 652 2107 695 cernitur
2135 650 2349 688 difficultas
2379 641 2511 701 quae-¹

300 723 413 774 dam,
446 725 555 778 qnod
583 729 772 780 inopiam
799 729 983 768 tolerare
1012 725 1116 764 idem
1145 726 1197 764 sit
1227 732 1346 780 atque
1372 729 1528 768 victum
1571 728 1653 767 sibi
1688 742 1918 778 quaerere,
1963 741 2080 779 quam
2109 727 2253 778 horum
2285 725 2501 763 verborum

300 788 632 855 significationem
659 800 886 842 non.facile
914 801 1125 840 similibus·
1148 800 1338 853 exemplis
1372 797 1609 840 confirmare
1647 816 1710 841 me
1756 816 1873 854 posse
1907 801 2071 854 putem:
2102 802 2245 841 deinde
2289 816 2413 854 quum
2446 800 2505 838 bis

300 876 432 917 verbis
460 893 592 933 quae
621 892 677 918 m.
704 893 759 918 m.
790 880 818 919 i.
852 881 1244 919 toleraverat
1271 875 1482 915 Sallustius
1512 878 1707 917 rationem
1738 878 1933 930 quandam
1962 878 2122 926 reddat,
2150 876 2409 930 quamobrem
2439 876 2502 928 ju—

299 959 441 993 ventus
469 943 689 992 illaotium
717 952 952 1006 praetulerit
981 952 1318 1010 ingrato.labori,
1351 952 1534 1004 profecto
1564 967 1647 992 nou
1676 954 1729 992 ita
1759 954 1861 992 banc
1894 954 2089 993 rationem
2119 967 2160 992 se
2189 953 2357 994 reddere
2386 959 2502 1004 puta-

299 1029 424 1079 verit,
453 1029 487 1068 si
517 1029 645 1079 dicat,
675 1036 886 1083 propterea
913 1029 1161 1082 juventutem
1192 1028 1425 1082 praetulisse
1453 1021 1758 1079 otium'labori,
1787 1030 1897 1083 quod
1925 1029 2060 1069 labore
2090 1009 2503 1083 inopiae‘satissacere

251 1107 261 1112 ‘
299 1106 528 1158 victumque
556 1106 633 1144 sibi
661 1114 852 1159 'quaerere
881 1106 1078 1158 potuerit;
1108 1106 1178 1144 sed
1206 1106 1451 1144 contrarium
1479 1121 1644 1158 prorsus
1673 1107 1887 1146 dicendum
1924 1114 2054 1154 esset,
2092 1114 2134 1146 ut
2179 1106 2281 1146 ratio
2310 1104 2503 1158 quaedam

300 1182 551 1230 efficeretur,
580 1170 871 1234 quod-scilicet
899 1182 1058 1234 inopiae
1086 1182 1313 1221 satisfacere
1342 1182 1572 1234 victumque
1601 1196 1833 1235 comparare,
1862 1199 1946 1224 non
1976 1182 2180 1234 potuerit,
2213 1183 2296 1222 sive
2324 1184 2400 1222 vix
2428 1193 2501 1233 po-

299 1257 453 1306 tuerit,
479 1264 691 1310 propterea
720 1258 847 1296 otium
875 1257 1033 1311 ingrato
1062 1257 1190 1296 labori
1229 1256 1476 1310 praetulisse.
1545 1259 1732 1310 Denique
1764 1272 1844 1311 quo
1886 1257 2020 1296 labore
2060 1242 2218 1310 inopiae
2256 1256 2503 1304 consulitur,

283 1333 508 1393 ‚victusque
537 1341 814 1387 comparatur,
844 1333 911 1372 ille
941 1333 1054 1373 labor
1083 1333 1163 1372 dici
1190 1334 1256 1372 vix
1283 1340 1416 1386 potest
1442 1337 1664 1388 ingratus,
1701 1347 1926 1386 quanquam
1956 1334 2055 1373 nihil
2085 1332 2242 1383 obstat,
2286 1331 2501 1385 quominus

300 1390 404 1449 idem
435 1410 591 1449 dicatur
618 1410 829 1460 molestus,
858 1411 1015 1464 gravis,
1041 1409 1306 1463 injucundus:
1337 1417 1376 1449 at
1401 1423 1449 1449 ex
1474 1424 1562 1462 quo
1594 1410 1848 1449 commodum
1879 1410 2078 1450 bonumve
2108 1414 2309 1460 nascitur,
2348 1408 2389 1449 id
2419 1422 2502 1448 non

300 1487 460 1527 videtur
494 1499 577 1526 esse
607 1490 840 1542 ingratum.
901 1489 1146 1529 Mollevaut
1176 1485 1330 1527 Gallice
1361 1486 1674 1540 interpretatur:
1732 1490 1776 1528 la
1813 1489 2005 1543 jeunesse
2035 1490 2110 1529 des
2139 1485 2405 1542 campagnes
2433 1487 2505 1539 qui

299 1566 480 1607 vendait
507 1577 572 1605 ses
587 1564 797 1619 fatigues
820 1579 926 1617 pour
952 1565 1121 1617 alle-'ger
1155 1577 1206 1604 sa
1242 1565 1421 1614 misere,
1463 1563 1582 1615 quod*
1609 1570 1649 1602 et
1690 1563 1820 1616 ipsum
1863 1563 2082 1617 elegantius
2123 1578 2241 1617 quam
2280 1561 2500 1601 accuratius

302 1642 452 1680 dictum
482 1646 553 1677 est.
583 1638 781 1691 Equidem
811 1638 1025 1677 ablativum
1052 1653 1297 1680 manuum
1324 1641 1605 1688 mercede,
1636 1646 1682 1678 ut
1709 1638 1807 1678 alios
1836 1639 1926 1679 illos
1953 1653 2036 1693 cap.
2070 1641 2241 1679 XXXVI
2279 1621 2501 1681 duobus

303 1719 500 1759 Senati
528 1717 808 1763 decretis,
838 1713 1014 1753 arbitror
1043 1727 1127 1752 esse
1156 1713 1368 1753 ablativum
1400 1713 1657 1760 absolutum;
1685 1722 1811 1768 utque
1851 1729 1933 1769 cap.
1965 1717 2135 1755 XXXVI
2167 1718 2366 1758 Kritzius
2397 1714 2502 1753 Ger-

301 1792 454 1833 manice
483 1791 766 1844 interpretatus
794 1797 875 1829 est:
906 1793 975 1832 bei
998 1775 1107 1832 >zwei
1135 1792 1584 1839 Senatsbeschliissen,
1627 1798 1667 1829 et
1693 1793 1919 1832 accuratius
1949 1793 2066 1832 etiam
2103 1795 2373 1845 Herzogius:
2417 1806 2496 1831 un·

298 1871 498 1926 geachtet
525 1869 604 1908 der
630 1868 784 1916 beiden
812 1868 1231 1916 Setzatsbeschlz‘c'sse,
1261 1866 1436 1920 itemque
1469 1866 1607 1906 Gallus
1637 1868 1835 1921 interpres
1876 1874 2047 1924 malgre'
2082 1846 2144 1910 les
2184 1871 2297 1910 deux
2330 1869 2499 1908 de'crets

300 1950 359 1989 du
390 1947 547 1991 Seram,
576 1943 632 1982 ita
661 1956 737 1997 ego
764 1942 841 1982 boc
870 1942 962 1982 loco
992 1949 1163 1982 vertam:
1192 1946 1350 1986 welche
1382 1947 1644 1998 ungeachtet
1671 1947 1792 1986 ihrer
1820 1947 1984 1987 Hiinde
2014 1948 2054 1987 V
2055 1948 2244 1988 erdienst
2273 1942 2360 1997 (bei
2388 1942 2497 1980 ihrer

298 2021 441 2063 Raude
470 2018 704 2071 Verdieust)
732 2022 920 2075 Mangel
945 2023 1014 2062 litt
1030 2049 1044 2072 ,
1076 2023 1149 2074 qui
1174 2024 1346 2074 malgre
1372 2024 1412 2062 le
1440 2024 1606 2063 travail
1635 2024 1689 2063 de
1717 2036 1784 2063 ses
1819 2025 1963 2064 mains
2001 2023 2206 2077 souffrait
2243 2023 2295 2062 de
2322 2023 2377 2062 λα
2416 2021 2496 2060 mi·

297 2104 407 2144 sere.
461 2098 519 2137 Ita
546 2101 677 2136 autem
706 2096 824 2137 simul
851 2096 1006 2136 facilius
1035 2095 1294 2151 intelligitur,
1324 2110 1406 2150 quo
1437 2096 1525 2150 jure
1553 2097 1669 2137 labor
1696 2099 1770 2138 iste
1801 2097 1955 2137 dicatur
1992 2113 2075 2140 esse
2103 2099 2305 2153 ingratus,
2345 2096 2493 2149 quippe

297 2178 479 2232 qui-,uon
505 2174 732 2228 suppeditet
761 2175 1004 2214 necessaria:
1043 2188 1173 2228 neque
1201 2174 1279 2228 jam
1308 2174 1571 2226 mirabimur,
1611 2176 1732 2217 istum
1770 2175 2044 2230 adspernatam
2083 2190 2167 2217 esse
2208 2188 2393 2216 ruranam
2430 2173 2493 2226 ju-

295 2260 526 2301 ventutem,
557 2250 705 2304 quippe
732 2250 797 2290 cui
824 2251 1042 2306 propositis
1061 2250 1349 2306 xlargitionibus
1376 2251 1574 2294 urbanum
1602 2254 1728 2293 otium
1759 2253 1966 2293 arrideret.

410 2328 564 2369 Eodem
593 2327 758 2366 omnino
787 2340 906 2367 seusu
934 2328 1117 2368 sumendi
1144 2335 1238 2367 sunt
1267 2328 1428 2368 ablativi
1455 2343 1540 2382 cap.
1568 2331 1623 2368 vl
1668 2333 1906 2385 dispari
1938 2346 2174 2384 genere,
2223 2330 2488 2371 dissimili

293 2411 500 2461 lingua
519 2433 533 2456 ,
566 2403 805 2443 Germanice
835 2408 1094 2459 ungeachtet
1120 2408 1240 2456 ihrer
1267 2408 1602 2448 verschiedenen
1633 2408 1836 2463 'Abkunft
1870 2408 1959 2448 und
1998 2408 2119 2446 ihrer
2156 2405 2487 2446 verschiedenen

295 2485 504 2536 Sprache.
535 2478 690 2519 Gallice
714 2483 885 2534 malgre
911 2483 958 2522 la
986 2477 1229 2535 differ-enee
1264 2482 1318 2522 de
1349 2484 1445 2523 leur
1471 2484 1639 2536 origine
1673 2494 1716 2524 et
1749 2485 1803 2523 de
1837 2485 1931 2524 leur
1967 2484 2190 2535 langage‚·
2245 2478 2316 2519 ubi
2353 2478 2402 2518 de
2445 2478 2486 2516 vi

293 2557 453 2599 ablativi
483 2556 629 2596 mirum
658 2555 856 2610 quoddam
884 2562 945 2595 est
972 2555 1171 2606 omnium,
1200 2569 1302 2610 quos
1328 2555 1462 2607 video,
1491 2556 1756 2615 interpretum
1783 2557 1996 2597 silentium.
2034 2555 2227 2595 Similiter
2241 2554 2367 2595 Ovm.
2387 2555 2489 2596 Me·

292 2637 504 2688 tamor-ph.
533 2634 549 2671 l
578 2635 631 2670 89
659 2631 814 2671 »Aurea
830 2633 958 2686 prima
983 2627 1065 2674 sata
1093 2640 1153 2673 est
1167 2640 1301 2683 aetas,
1332 2646 1433 2688 quae
1443 2637 1615 2677 vindice
1629 2638 1744 2678 nullo
1758 2634 1910 2688 Sponte
1923 2648 1991 2673 sua
2006 2632 2125 2673 fidem
2153 2639 2388 2685 rectumque
2416 2643 2486 2670 co·

275 2698 433 2751 'lebana
460 2709 618 2750 Deinde
645 2709 795 2749 Noster
823 2713 924 2752 Cat.
956 2724 1039 2763 cap.
1071 2710 1128 2750 XI
1155 2710 1229 2749 »L.
1263 2709 1374 2750 Sulla
1408 2739 1418 2748 .
1451 2739 1460 2748 .
1492 2740 1501 2749 .
1532 2713 1689 2753 bonis
1715 2713 1919 2754 initiis
1944 2708 2067 2750 malos
2093 2716 2258 2749 eventus
2285 2706 2478 2757 habuit«,

291 2770 411 2841 quem
438 2787 573 2828 locum
599 2793 709 2827 recte
744 2785 1052 2840 interpretatur
1075 2788 1299 2830 Kritzius:
1338 2786 1409 2828 sed
1446 2785 1554 2829 idem
1587 2800 1671 2829 non
1705 2793 1787 2828 tam
1820 2791 2003 2828 accurate
2041 2784 2206 2827 redditit
2244 2775 2482 2828 seutentiam
