2802 3280
1288 246 1513 309 (4)

306 376 422 420 Aliae
449 385 655 434 praeterea
684 390 827 421 causae
855 377 1091 432 quaedam,‘
1114 389 1163 417 ex
1192 376 1368 431 partium
1396 376 1530 418 studio
1567 383 1608 417 et
1636 389 1683 416 ex
1718 374 1877 430 publica
1912 377 2059 418 civium
2101 374 2350 420 dissensione
2388 387 2514 431 ortae,

304 456 566 511 sequentibus
596 440 753 496 duobus
782 455 977 511 capitibus
1004 461 1294 494 memorantur.

419 517 565 575 Nam
594 548 819 586 semper
847 536 900 573 in
932 518 1191 574 civitate
1220 532 1421 591 quibus
1446 544 1575 584 opes
1600 533 1808 571 nullae
1840 542 1971 572 sunt
1999 533 2166 573 bonis
2206 536 2512 582 invident,

306 612 495 650 malos
523 612 838 651 extollunt.
884 632 933 639 —
964 610 1077 649 Boni
1103 606 1139 645 h.
1166 605 1194 648 l·
1236 608 1381 648 Cor-tio
1419 612 1513 644 sunt
1551 605 1716 643 ditiores
1761 613 1801 643 et
1841 605 1996 645 honore
2036 615 2154 659 atque
2200 608 2344 661 opibus
2383 609 2515 649 fortu-

305 683 413 733 nati,
443 686 561 735 quem
589 690 814 736 sequuntur
842 685 1063 736 Bipontini
1092 680 1281 719 addentes
1309 687 1537 733 praeterea:
1581 667 1733 721 {Mali
1760 689 1853 719 sunt
1882 682 2023 734 inopes
2052 682 2222 721 humiles
2236 700 2281 728 «;
2340 686 2514 739 Langia

305 759 412 828 item,
449 759 658 813 optimates
697 757 1056 810 divitesque,-qui
1097 756 1276 813 quietum
1313 755 1559 808 reipublicae
1601 762 1746 794 statum
1796 751 2042 810 p‘raeoptant.
2123 758 2186 798 Ab
2227 759 2288 798 his
2331 760 2515 800 dissentit

307 837 523 883 Kritzius,
550 836 619 887 qui
646 837 766 877 bonis
792 833 1008 887 significari
1031 832 1127 870 dicit
1142 833 1247 871 cives
1274 832 1466 870 honestos
1493 838 1533 869 et
1558 829 1804 883 reipublicae
1825 840 2013 882 amantes,
2034 847 2258 887 quanquam
2283 834 2334 873 de
2367 837 2513 889 opibus

306 910 424 948 simul
454 923 594 949 eorum
634 910 802 964 cogitari
832 921 948 963 posse
978 908 1191 955 concedit:
1234 906 1394 955 Quodsi
1438 909 1539 948 boni
1579 906 1656 946 illis
1697 907 1949 947 solummodo
1993 918 2324 962 opponerentur,
2364 915 2514 966 quibus

305 1002 403 1041 opes
429 990 574 1046 nullae
602 998 721 1038 sunt,
752 999 846 1026 sane
876 998 958 1026 non
986 984 1059 1024 alia
1088 983 1413 1039 significarentur
1439 981 1513 1021 hac
1542 994 1665 1032 voce,
1710 997 1827 1036 quam
1869 983 2035 1024 ditiores
2066 992 2105 1023 et
2147 986 2425 1039 opulentiores
2455 989 2513 1027 ci-

306 1076 394 1108 ves;
424 1070 463 1102 at
489 1063 609 1102 iidem
638 1069 899 1116 opponuntur
928 1061 1046 1101 simul
1073 1063 1227 1111 malis,
1258 1058 1368 1111 quod
1397 1065 1437 1097 et
1464 1058 1549 1112 ipse
1578 1059 1746 1098 sensisse
1775 1060 1934 1099 videtur
1963 1063 2272 1111 Kunhardtus‚·
2304 1065 2412 1103 unde
2441 1066 2509 1115 fit,

306 1145 352 1178 ut
378 1136 449 1192 'qui
478 1138 545 1179 hic
577 1133 834 1179 nominantur
860 1140 983 1190 boni,
1016 1136 1045 1176 ii
1073 1134 1324 1188 intelligendi
1353 1134 1457 1185 sint,
1504 1147 1605 1187 quos
1644 1134 1771 1175 altero
1809 1135 1900 1175 loco
1944 1135 2134 1176 describit
2176 1140 2425 1194 Herzogiug
2463 1141 2513 1180 ad

308 1213 535 1258 CAEs.'De
567 1218 619 1258 Β.
650 1217 706 1257 G.
743 1215 842 1253 Vlll.
870 1216 935 1251 22.
967 1219 1092 1262 extr.,
1124 1212 1192 1265 qui
1220 1211 1374 1250 scilicet
1403 1210 1523 1250 vitam
1552 1219 1597 1250 ut
1625 1210 1867 1251 fortunatam
1913 1212 1967 1251 ita
2003 1212 2208 1253 honestam
2249 1223 2400 1270 agunt,
2443 1231 2512 1271 pa-

305 1289 503 1343 triamque
532 1298 573 1329 et
602 1289 709 1344 leges
738 1296 951 1343 propterea
980 1289 1096 1327 etiarn
1127 1294 1259 1326 amant
1287 1277 1406 1338 atque
1438 1287 1587 1325 servari
1618 1288 1806 1341 cupiunt,
1837 1288 1946 1340 quod
1976 1288 2028 1327 ita
2057 1302 2098 1327 se
2131 1289 2238 1342 ipsos
2268 1304 2358 1331 cum
2391 1293 2511 1334 rebus

306 1367 387 1405 suis
416 1365 571 1405 facilius
605 1373 803 1405 servatum
847 1366 896 1404 iri
940 1371 1111 1418 sperant.
1169 1363 1283 1402 Licet
1325 1368 1457 1403 autem
1496 1363 1735 1401 contrariam
1780 1364 2014 1408 sententiam
2055 1373 2245 1416 sequatur
2283 1370 2510 1419 Kritzius‚

306 1442 383 1481 Vir
410 1443 802 1492 Praestantissimus,
832 1437 991 1480 videtur
1020 1448 1151 1479 tamen
1183 1452 1259 1478 vox
1289 1440 1411 1479 bonis
1438 1450 1520 1477 non
1546 1451 1662 1491 posse
1692 1438 1863 1477 ‹ie-solis
1893 1439 2068 1479 honestis
2099 1440 2251 1480 civibus
2281 1444 2511 1497 patriaeque

307 1518 528 1558 amantibus
558 1518 753 1576 intelligi,
793 1518 870 1557 nisi
897 1517 939 1556 hi
968 1524 1007 1555 et
1033 1516 1110 1569 ipsi
1138 1529 1182 1555 re
1210 1515 1314 1554 lauta
1348 1519 1395 1551 ‘et
1428 1513 1616 1554 fortunae
1656 1514 1771 1554 bonis
1810 1514 2010 1555 beatiores
2047 1516 2150 1555 sint:
2192 1519 2338 1558 etenim
2381 1521 2511 1561 obstat

309 1607 398 1634 cum
429 1596 558 1634 omnis
586 1595 705 1648 hujus
734 1594 812 1634 loci
841 1594 971 1643 ratio,
999 1600 1084 1631 tum
1115 1605 1211 1631 vero
1242 1590 1408 1630 verbum
1438 1595 1728 1635 invident:
1760 1570 2091 1645 quemadmodum
2122 1595 2273 1634 scilicet
2301 1611 2419 1637 nemo
2450 1600 2508 1638 sa-

309 1671 384 1710 cile
414 1672 689 1721 contenderit,
718 1678 990 1725 paupertatem
1022 1677 1061 1708 et
1089 1670 1318 1729 infimorum
1348 1668 1554 1706 hominum
1582 1668 1766 1706 miseram
1797 1669 2068 1708 conditionem
2105 1678 2244 1710 natura
2281 1687 2351 1712 sua
2380 1675 2507 1714 virtu-

307 1749 358 1787 tis
389 1756 428 1786 et
455 1748 671 1787 honestatis
701 1755 903 1800 expertem
934 1760 1047 1795 esse3
1077 1747 1131 1784 ita
1159 1753 1291 1784 tamen
1321 1759 1458 1785 omnes
1488 1745 1728 1794 concedent,
1770 1747 1968 1785 neminem
2007 1746 2096 1785 sore
2123 1761 2402 1800 perversorum
2433 1753 2505 1792 ho-

308 1826 484 1873 minum,
524 1825 592 1876 qui
637 1825 805 1876 pauperi
842 1838 887 1861 ac
925 1824 1070 1862 misero
1107 1822 1259 1876 homini
1297 1821 1349 1860 ob
1379 1821 1502 1866 solam
1541 1821 1788 1860 honestatem
1830 1822 2066 1873 virtutisque
2104 1837 2277 1862 amorem
2318 1827 2502 1868 invideat.

310 1900 412 1941 Cum
441 1902 574 1953 itaque
605 1900 776 1940 invideri
803 1902 959 1941 bonis
988 1898 1035 1937 ab
1064 1898 1111 1937 iis
1140 1900 1339 1953 quibus
1366 1912 1490 1951 opes
1517 1896 1720 1940 nullae
1748 1910 1877 1939 sunt
1905 1898 2050 1937 dixerit
2081 1900 2254 1950 Noster,
2295 1895 2504 1945 consensa-

307 1991 428 2018 neum
462 1985 535 2026 est,
567 1991 657 2016 eum
686 1976 735 2016 de
764 1974 906 2029 opibus
936 1989 1017 2015 non
1047 1975 1176 2014 minus
1206 1987 1324 2026 quam
1353 1972 1402 2013 de
1431 1973 1515 2027 ipsa
1544 1974 1647 2013 vitae
1675 1974 1878 2013 honestate
1913 1975 2118 2028 cogitasse,
2179 1978 2262 2026 Qui
2303 1980 2402 2019 nihil
2435 1983 2503 2021 ha-

309 2055 433 2104 bent,
464 2054 572 2107 quod
601 2052 795 2107 perdant,
825 2052 1039 2105 praecipue
1068 2052 1103 2091 si
1130 2049 1241 2090 malis
1269 2049 1449 2090 moribus
1478 2050 1560 2090 sive
1589 2049 1693 2090 bona
1722 2064 1790 2089 sua
1821 2049 2136 2104 dilapidaverunt
2160 2053 2242 2093 sive
2271 2055 2414 2097 samam
2446 2068 2505 2099 at-

306 2135 528 2181 triverunt,
558 2146 626 2171 eos
653 2145 846 2171 novarum
876 2144 1010 2169 rerum
1042 2129 1218 2182 impense
1248 2126 1412 2181 cupidos
1441 2127 1563 2167 fuisse
1590 2126 1745 2179 saepius
1786 2126 1977 2167 vidimus:
2019 2129 2166 2168 etenim
2210 2131 2342 2183 siquid
2385 2138 2499 2176 novis

307 2209 428 2250 rebus
457 2210 498 2249 in
527 2222 667 2248 eorum
697 2207 859 2247 fortuna
889 2212 1089 2254 mutatur,
1120 2204 1163 2244 id
1191 2218 1274 2245 non
1302 2203 1417 2244 facile
1447 2204 1487 2244 in
1518 2203 1631 2257 pejus
1663 2205 1808 2243 mutari
1838 2218 1955 2257 posse
1984 2205 2225 2260 intelligunt.
2265 2210 2397 2258 Quam
2425 2228 2503 2253 usu

304 2284 602 2339 comprobatam
633 2284 867 2323 sententiam
896 2289 984 2322 toto
1013 2283 1090 2322 hoc
1119 2281 1246 2335 capite
1277 2280 1440 2320 uberius
1470 2280 1679 2320 Sallustius
1709 2280 1902 2319 enuntiat.

417 2361 651 2402 Adscribam
679 2360 744 2399 hic
775 2358 1195 2408 declamatiunculam,
1238 2372 1315 2411 qua
1344 2357 1421 2398 sibi
1450 2357 1727 2397 illustrandum
1756 2372 1841 2397 esse
1876 2358 1983 2398 hunc
2023 2358 2156 2399 locum
2189 2361 2399 2403 arbitratus
2441 2374 2500 2405 est

304 2443 348 2483 J.
366 2441 589 2482 Koenders
616 2438 677 2491 (in
703 2437 879 2477 editione
907 2450 977 2476 sua
1004 2436 1180 2489 Trajecti
1208 2435 1255 2474 ad
1276 2436 1425 2475 Mosam
1449 2432 1824 2474 MDCCCXXVlll.
1840 2438 1923 2484 8.);
1953 2435 2100 2476 multos
2129 2438 2234 2478 enim
2266 2438 2353 2478 sore
2376 2442 2498 2482 credo

308 2516 370 2555 his
398 2515 565 2570 maxime
593 2513 862 2568 temporibus,
892 2513 962 2566 qui
991 2512 1178 2552 lubenter
1209 2511 1353 2565 legant.
1410 2513 1554 2553 »Boni
1565 2541 1579 2559 ‚
1625 2511 1779 2564 inquit,
1821 2511 1870 2550 de
1910 2512 2070 2565 goeden
2107 2513 2154 2552 of
2186 2514 2499 2559 weldenkenden

306 2608 413 2649 »zyn
455 2583 724 2645 volgens‘het
750 2589 1000 2644 taalg'ebruik
1028 2603 1103 2628 van
1132 2588 1341 2628 Sallustius
1378 2588 1453 2627 alle
1479 2571 1695 2628 menschen
1729 2595 1769 2626 te
1801 2588 1957 2637 Rome,
1996 2589 2060 2628 die
2096 2590 2199 2630 door
2233 2591 2427 2645 geboorte
2456 2597 2504 2634 of

305 2683 549 2723 »vermogen
579 2668 627 2708 of
650 2667 754 2708 door
780 2666 926 2707 beiden
952 2674 1090 2707 tevens
1117 2666 1347 2722 aanzienlyk
1368 2666 1533 2717 'wax-en,
1575 2679 1624 2705 en
1653 2665 1717 2704 die
1746 2664 1986 2721 gevolgelyk
2021 2667 2108 2706 veel
2148 2668 2290 2721 belang
2318 2680 2498 2712 moesten

305 2747 477 2788 »stellen
506 2746 548 2785 in
578 2745 626 2784 de
654 2743 861 2798 bewaring
889 2743 962 2783 der
990 2750 1077 2783 rust
1104 2756 1154 2783 en
1182 2738 1258 2783 van
1287 2742 1336 2783 de
1364 2741 1633 2797 voortduring
1661 2742 1730 2782 des
1759 2742 1999 2781 bestaanden
2027 2744 2386 2799 regeringsvorms;
2415 2751 2497 2805 wyl

308 2826 433 2865 »dene
460 2824 544 2862 bun
576 2821 643 2861 het
669 2820 934 2875 ongemoeide
962 2826 1087 2875 genot
1112 2820 1272 2860 hunner
1297 2820 1563 2876 rykdommen
1598 2833 1648 2860 en
1687 2820 1736 2858 de
1776 2819 2032 2860 uitsluitende
2074 2820 2266 2875 bezitting
2307 2837 2381 2863 van
2421 2826 2494 2865 alle

568 2914 628 2950 2„
