2802 3280
1247 313 1291 378 (⁴
1340 313 1498 377 1⁸)

297 444 520 496 motura,
549 444 706 485 mediae
733 443 909 486 orationi
933 443 1180 500 interjectis,
1207 444 1277 486 hic
1298 442 1390 486 tero
1417 442 1543 485 totius
1570 441 1653 485 lod
1679 455 1818 486 sensus
1858 443 2110 485 efficeretur:
2148 457 2296 487 unm
2329 454 2506 486 eonsen-

298 531 480 567 tunm
491 529 585 572 est,
623 531 671 564 ut
695 521 924 580 credamur
937 548 953 574 ,
992 521 1125 570 illam
1145 520 1460 576 expeditionem
1486 513 1795 577 antiquioribus
1827 522 1954 576 longe
1999 520 2211 577 mnjorem
2225 547 2241 572 ‚
2284 517 2510 561 hodiernis

296 600 506 641 mitur-em
518 597 671 657 finisse
684 626 700 648 ,
726 597 909 641 Homeri
934 610 1035 641 vero
1061 597 1352 650 carnuntum,
1384 596 1529 651 siquid
1558 598 1730 640 omnino
1759 598 1831 639 his
1854 598 2118 640 credendum
2145 606 2242 646 est,
2284 596 2371 639 hac
2407 606 2505 648 quo-

294 683 375 728 que
399 675 449 716 in
475 687 525 716 re
540 674 687 730 fidem
706 674 963 716 habeamur.
1020 671 1075 711 Et
1097 677 1194 712 sunt
1220 683 1315 712 saue
1343 669 1564 725 quaedam,
1595 682 1695 724 quae
1722 670 1825 712 banc
1855 670 2145 726 interpretandi
2174 669 2374 710 rationem
2393 680 2503 708 com-

293 746 483 790 mendare
510 747 749 789 videantun
785 747 936 789 etenim
958 750 1174 803 postquam
1194 746 1470 804 'Thucydides
1496 752 1681 787 accurata
1718 753 1759 787 et
1786 748 1880 788 satis
1912 747 2120 802 magnifica
2157 743 2505 802 argumentatione

293 823 501 874 ostendit,
529 823 689 877 quantis
720 823 926 864 erroribus
952 824 1117 865 obnoxii
1144 823 1225 864 sint
1255 822 1453 863 increduli
1482 822 1568 875 illi,
1601 823 1697 877 qni,
1726 823 1870 878 spretis
1896 823 2206 875 traditionibus,
2248 837 2270 861 a
2299 821 2503 861 civitatum

284 897 395 939 'faeie
424 907 588 940 externa
616 901 667 940 de
700 914 836 959 earum
871 902 1053 954 potentia
1083 899 1264 953 judicare
1305 913 1349 938 se
1387 913 1504 953 posse
1540 907 1705 954 putent;
1743 899 1846 941 hanc
1879 900 1974 939 inde
2012 900 2312 940 conclusionem
2348 897 2502 942 efficit,

291 987 375 1014 non
403 988 489 1015 esse
518 960 858 1026 consentaneum,
887 984 932 1016 ut
963 977 1053 1029 quis
1082 975 1316 1019 incredulus
1343 975 1417 1026 sit,
1462 989 1595 1030 neque
1623 982 1670 1015 nt
1703 975 1752 1015 ad
1781 975 1984 1016 civitatum
2012 976 2155 1015 faciem
2195 982 2398 1014 externam
2426 986 2502 1025 po-

290 1050 381 1091 tius=
398 1064 517 1104 quam
544 1051 594 1092 ad
621 1053 842 1106 potentiam
869 1053 1068 1107 respiciat.
1110 1053 1165 1092 Et
1191 1052 1253 1093 his
1283 1052 1445 1105 quidem
1473 1051 1626 1093 duabus
1655 1052 1803 1101 rebus,
1837 1066 1937 1106 quae
1965 1059 2254 1092 consentaneae
2285 1064 2368 1090 non
2396 1049 2499 1097 sint,

290 1128 524 1168 continetur
548 1134 639 1183 pars
667 1129 781 1183 prior
813 1128 1107 1179 conclusionis,
1134 1128 1265 1183 iisque
1291 1135 1406 1184 parte
1426 1122 1556 1169 *altera
1585 1129 1832 1183 respondent
1859 1129 1959 1168 duae
1986 1129 2082 1167 item
2111 1142 2202 1176 res,
2245 1140 2345 1181 quae
2375 1126 2499 1165 maxi-

288 1188 461 1245 mesint
489 1213 805 1257 consentaneae,
843 1214 889 1246 ut
919 1207 1010 1260 quis
1038 1207 1267 1256 existimet,
1310 1219 1495 1262 maguam
1537 1220 1632 1247 sane
1664 1206 1790 1247 fuisse
1832 1206 2124 1260 expeditionem
2166 1205 2412 1258 Trojanam,
2458 1209 2499 1241 et

289 1281 532 1322 carminibus
560 1282 788 1342 Homericis
815 1283 936 1323 fidem
965 1283 1118 1323 habeat.
1174 1283 1307 1323 Facile
1335 1291 1467 1323 autem
1504 1291 1696 1338 apparet,
1741 1283 1858 1323 hasce
1902 1284 1997 1323 duas
2040 1297 2126 1332 res,
2171 1296 2339 1336 quarum
2382 1279 2497 1320 notio

288 1343 452 1398 definita
481 1365 541 1398 est
569 1367 610 1399 et
638 1360 873 1414 angustior,
913 1359 1066 1402 duabus
1108 1359 1220 1410 illis,
1257 1375 1426 1413 quarum
1453 1360 1568 1400 notio
1599 1359 1715 1400 latius
1743 1368 1852 1413 patet
1893 1368 1932 1399 et
1974 1360 2266 1412 quodammodo
2298 1356 2513 1412 generalis?

287 1441 373 1483 est,
407 1433 622 1489 diligenter
649 1436 825 1490 opponi,
855 1444 901 1476 ut
930 1436 1200 1477 incredulitati
1227 1436 1286 1476 illi
1313 1437 1412 1477 fides
1440 1436 1573 1476 habita
1606 1436 1813 1486 Homero,
1856 1449 2063 1489 perversae
2101 1435 2160 1475 illi
2196 1436 2400 1475 civitatum
2430 1434 2493 1472 di-

285 1510 586 1565 judicandarum
628 1511 776 1553 rationi
809 1513 1017 1567 magnifica
1060 1513 1252 1566 quaedam
1289 1512 1338 1553 de
1386 1513 1506 1553 rebus
1550 1513 1737 1566 Trojanis
1786 1513 1980 1553 sententia
2018 1521 2200 1552 accurate
2236 1511 2489 1565 respondeat.

284 1587 416 1628 Porro
446 1601 537 1627 cum
567 1588 825 1644 Thucydides
856 1590 1021 1630 ineunte
1050 1588 1129 1628 hoc
1158 1589 1286 1642 capite
1313 1578 1499 1640 dixisset,
1542 1604 1617 1630 suo
1658 1589 1810 1643 judicio
1850 1603 2054 1642 perperam
2104 1588 2235 1628 facere
2280 1603 2374 1636 eos,
2419 1588 2490 1639 qui

283 1649 493 1716 po‘e‘taru'm
521 1663 570 1703 de
599 1677 735 1704 rerum
765 1672 1008 1704 vetustarum
1038 1665 1312 1719 magnitudine
1340 1666 1615 1705 testimonium
1657 1673 1698 1703 et
1721 1665 1954 1703 traditiones
1989 1664 2031 1703 in
2061 1659 2225 1703 dubium
2269 1670 2487 1710 vocarent,

283 1726 463 1791 hancque
492 1754 603 1780 suam
632 1742 868 1782 sententiam
896 1741 1072 1796 longiori
1097 1743 1441 1795 argumentatione
1473 1741 1700 1794 probasset;
1733 1756 1814 1780 non
1834 1749 2011 1794 poterat,
2043 1741 2163 1779 credo
2181 1770 2193 1789 ,
2228 1740 2371 1778 effecta
2389 1753 2488 1777 con-

282 1814 461 1854 clusione
490 1815 651 1867 dicere,
681 1821 721 1858 si
745 1820 933 1860 Homero
961 1821 1009 1860 in
1037 1821 1108 1860 his
1135 1833 1293 1875 quoque
1315 1820 1440 1875 fides
1467 1820 1671 1860 habenda
1698 1829 1764 1860 esc
1781 1847 1793 1866 ,
1823 1826 1868 1856 ut
1901 1817 2021 1872 vulgo
2052 1817 2183 1856 locum
2215 1817 2484 1870 interpretan-

278 1899 371 1942 tur,
400 1892 611 1947 ipsumque
640 1894 757 1933 etiam
786 1893 1032 1935 intellexisse
1058 1895 1294 1949 Popponem
1325 1895 1443 1935 video
1475 1906 1522 1934 ex
1553 1894 1638 1948 ejus
1669 1898 2012 1950 Argumenta
2043 1908 2125 1948 cap.
2162 1895 2283 1949 lx‘-
2305 1895 2384 1941 Xl,
2414 1892 2484 1933 sed

277 1969 397 2010 fidem
425 1971 606 2012 Homero
637 1972 857 2012 habendam
886 1986 971 2012 esse
999 1979 1045 2012 ut
1072 1985 1120 2012 ex
1153 1973 1498 2027 argumentatione
1525 1971 1789 2025 sequebatur,
1831 1971 1885 2011 ita
1913 1979 2098 2024 tanquam
2133 1985 2223 2025 pars
2254 1971 2482 2011 conclusio-

276 2048 340 2088 nis
370 2046 651 2089 declarandum
684 2056 778 2089 erat.
835 2049 995 2090 Additis
1024 2055 1158 2091 autem
1186 2048 1318 2090 verbis
1359 2049 1399 2091 εἴ
1426 2066 1475 2092 τι
1502 2048 1580 2107 χρὴ
1609 2047 1808 2088 indicatur
1840 2047 2159 2102 quodammodo,
2203 2048 2235 2088 si
2265 2047 2362 2088 fides
2393 2047 2481 2086 110-

275 2119 434 2164 mcricis
463 2124 706 2165 carminibus
737 2140 819 2167 non
848 2127 977 2181 possit
1003 2126 1162 2182 penitus
1191 2126 1351 2182 negari,
1391 2131 1699 2167 consentaneum
1730 2138 1839 2174 esse,
1887 2132 1932 2165 ut
1970 2125 2010 2165 in
2040 2125 2112 2165 hac
2142 2138 2304 2180 quoque
2333 2138 2377 2164 re
2401 2124 2478 2174 iis-

275 2201 365 2240 dem
393 2201 589 2241 credatur'.
646 2203 833 2256 Denique
862 2198 943 2243 duo
972 2193 1210 2258 supersunt,
1251 2203 1395 2257 quibus
1438 2202 1609 2242 inducor
1648 2208 1694 2241 ut
1729 2202 1915 2250 credam,
1963 2202 2204 2241 infinitivum
2248 2203 2476 2244 πιστεύειν

273 2277 450 2331 pendere
479 2291 500 2317 a
528 2292 628 2319 voce
659 2279 799 2329 εἰκόςε
826 2279 1020 2329 alterum,
1057 2279 1166 2332 quod
1195 2281 1324 2319 minus
1353 2292 1437 2319 esse
1469 2279 1677 2327 existimo,
1717 2278 1933 2319 verborum
1973 2279 2096 2327 ordo,
2141 2293 2221 2331 quo
2262 2277 2382 2316 verba
2418 2281 2475 2332 τῇ

274 2353 462 2408 τΟμήρου
490 2355 549 2396 αὖ
585 2357 760 2404 ποιήσει
789 2369 878 2394 cum
912 2356 952 2394 vi
981 2351 1147 2409 quadam
1177 2357 1219 2394 in
1248 2356 1448 2409 principio
1491 2355 1778 2396 enuntiationis
1805 2361 2034 2408 ponuntur,
2078 2368 2177 2408 quae
2223 2363 2261 2394 et
2296 2356 2378 2407 ipsa
2414 2354 2473 2391 vis

271 2431 424 2484 adjecta
450 2445 555 2470 voce
576 2433 634 2472 αὖ
659 2432 804 2470 mirum
833 2440 1023 2484 quantum
1051 2441 1240 2488 augetur3
1271 2432 1319 2471 ex
1345 2433 1501 2487 vulgari
1527 2433 1858 2486 interpretatione
1892 2431 2145 2471 scribendum
2185 2434 2318 2486 potius
2346 2431 2469 2469 fuisse

268 2507 429 2547 videtur
455 2507 498 2548 εἴ
522 2525 573 2549 τι
596 2509 674 2566 χρὴ
703 2514 762 2565 τῇ
788 2511 887 2563 Ὁμ.
917 2511 1091 2559 ποιήσει
1119 2511 1362 2551 κάνταῦθα
1391 2527 1520 2551 πιστ.
1538 2510 1711 2556 Deinde,
1743 2509 1791 2547 de
1819 2509 2013 2563 particula
2038 2511 2114 2549 καί
2141 2511 2182 2547 in
2214 2512 2466 2559 κάνταῦθα,

268 2599 493 2638 quanquam
520 2584 621 2625 banc
651 2585 693 2624 in
724 2571 880 2639 vulgari
909 2581 1240 2640 interpretatione
1265 2587 1315 2625 ad
1342 2587 1464 2625 verba
1493 2588 1632 2640 eapitis
1658 2589 1713 2626 lx
1749 2592 1806 2636 ὡς
1840 2589 2027 2641 ”Ομηρος
2057 2591 2199 2627 τοῦτο
2230 2587 2464 2633 δεδήλωκεν

264 2661 425 2715 longius
452 2660 600 2716 referri
625 2675 740 2715 posse
766 2661 865 2712 scio,
894 2670 1090 2712 attamen,
1116 2676 1217 2715 quae
1247 2671 1307 2704 est
1335 2678 1422 2704 mea
1454 2664 1755 2718 interpretatio,
1778 2662 1905 2702 multo
1935 2662 2089 2701 facilius
2118 2670 2158 2701 et
2187 2662 2352 2702 sortasse
2381 2660 2462 2700 ele-

264 2738 423 2794 gantius
451 2736 587 2780 eadem
615 2738 807 2792 particula
834 2738 967 2799 verbis
997 2739 1038 2782 εἴ
1063 2757 1113 2783 τι
1140 2740 1219 2797 χρή
1247 2741 1476 2794 respondet.
1537 2741 1620 2791 At,
1660 2741 1769 2794 quod
1813 2740 1938 2793 majus
1969 2753 2054 2780 esse
2093 2739 2276 2788 videtur,
2316 2753 2459 2791 meque

262 2813 666 2871 praeeipue'movet,
707 2817 929 2857 enuntiatio
957 2816 1054 2857 baec
1088 2828 1417 2875 egnumaneum
1450 2830 1514 2861 est
1543 2821 1686 2875 fidem
1724 2821 1887 2862 habere
1918 2819 2106 2861 Homero
2135 2817 2325 2867 Graecis,
2366 2824 2454 2855 tan-

261 2907 378 2947 quam
408 2904 472 2932 res
498 2898 693 2946 perpetua
721 2906 853 2947 neque
884 2899 1183 2946 momentanea,
1217 2894 1374 2936 dicitur
1410 2879 1610 2943 infinitivo
1649 2895 1869 2950 praesentis
1912 2894 2127 2949 temporis,
2170 2901 2214 2934 ut
2243 2893 2319 2934 hoc
2359 2892 2453 2934 loeo
