2802 3280
1228 300 1280 359 .(
1350 293 1507 362 14)

282 436 376 483 uir,
404 429 670 487 quodlineas
691 429 1039 484 'tunicas'gestare
1073 424 1293 477 desierint,
1322 434 1364 468 et
1392 427 1519 468 multo
1548 428 1678 468 minus
1709 428 1826 468 etiam
1858 427 2078 481 quaeritur,
2108 439 2227 481 quam
2252 416 2409 482 pridem
2428 428 2495 469 vel

285 520 403 561 quam
432 520 524 548 sero
553 506 758 547 desierint.
814 505 866 546 Si⁴
889 503 1020 560 igitur*
1041 503 1175 545 verbis
1205 503 1299 546 διὰ
1326 504 1392 546 τὸ
1424 505 1797 561 ἁβροδίαιτον
1828 505 1930 543 ratio
1959 504 2074 543 reddi
2102 505 2242 558 possit,
2273 520 2397 557 quare
2429 506 2498 545 vel

284 579 563 639 gestatae
591 584 715 625 sirit
740 580 870 622 lineae
896 582 1087 630 tunicae,
1116 580 1180 620 vel
1209 580 1356 634 gestari
1385 583 1693 630 desierint,
1724 580 1786 619 vel
1815 596 1915 622 non
1944 584 2018 623 ita
2046 585 2257 635 pridem
2286 582 2493 633 desierint,

285 658 573 715 Thucydideae
601 659 882 699 concinnitatis
918 657 964 698 -i'd
994 659 1129 713 potius
1165 670 1250 696 esse
1282 657 1468 704 videtur,
1513 663 1577 703 ut,
1624 656 1773 695 relictis
1803 658 1969 695 minoris
1999 658 2081 696 sive
2121 658 2270 698 nullius
2300 661 2495 699 momenti

287 733 431 785 rebus,
463 736 522 776 rei
551 736 713 789 majoris
739 729 937 775 rationem
964 735 1041 774 illis
1070 734 1204 774 verbis
1231 733 1439 786 subjiciat,
1471 748 1588 785 quam
1622 741 1668 772 ut
1697 749 1717 772 a
1746 736 1896 787 potiori
1936 736 2128 775 orationis
2165 750 2258 775 suae
2297 739 2495 783 sententia

289 813 338 853 ad
366 813 520 853 minora
548 811 784 871 stabilienda
812 811 1032 866 legentium
1062 812 1324 852 attentionem
1361 810 1495 851 inutili
1532 810 1683 863 adjecta
1726 812 1879 852 ratione
1922 812 2123 851 distrahat.
2192 815 2344 853 Verum
2387 815 2494 855 enim

289 903 386 929 vero
415 890 463 929 ad
492 890 700 944 scriptoris
729 890 904 929 mentem
933 889 1202 945 attingendam
1244 902 1326 928 non
1363 894 1423 927 est
1463 887 1688 926 docendum
1730 888 2010 938 solummodo,
2050 889 2147 943 quid
2182 890 2359 930 scribere
2403 906 2496 932 eum

291 967 540 1021 oportuerit,
569 966 610 1006 id
640 966 749 1020 quod
777 967 821 1007 in
848 973 960 1006 tanto
987 966 1201 1020 praecipue
1226 965 1447 1019 scriptore,
1490 972 1661 1018 quantus
1701 973 1762 1004 est
1791 966 2070 1021 Thucydides,
2114 967 2328 1007 ridiculum
2360 969 2495 1020 soret,

290 1057 343 1083 ne
369 1043 497 1083 dicam
526 1043 766 1093 absurdum,
796 1043 868 1084 sed
894 1043 1109 1084 videndum
1139 1043 1280 1092 etiam,
1312 1041 1408 1096 quid
1439 1043 1568 1096 reipsa
1597 1043 1814 1096 scripserit,
1843 1044 1924 1082 sive
1947 1044 2034 1096 quis
2063 1045 2187 1097 possit
2217 1060 2263 1084 ex
2295 1046 2381 1099 ejus
2406 1062 2496 1087 ver-

255 1114 257 1117 ’
293 1110 354 1160 bis
382 1133 521 1160 sensus
551 1119 770 1174 probabilis
800 1119 920 1159 effici.
978 1120 1032 1158 Et
1059 1132 1152 1158 sane
1193 1118 1313 1157 verba
1353 1118 1450 1160 διὰ
1490 1119 1554 1159 τὸ
1592 1118 1997 1178 ἁβροδίαὶτον,
2043 1121 2075 1159 si
2115 1120 2161 1159 ad
2203 1125 2498 1176 grammaticam

292 1204 532 1235 structuram
562 1203 738 1249 spectes,
770 1195 951 1253 proxime
980 1195 1184 1248 pertinere
1211 1195 1316 1233 dicas
1342 1183 1391 1232 ad
1433 1197 1484 1235 οὐ
1512 1197 1654 1245 πολὺς
1681 1196 1864 1255 χρόνος,
1905 1204 1949 1234 ut
1985 1210 2121 1236 sensus
2164 1200 2239 1238 sit:
2276 1213 2500 1256 propter

294 1277 609 1317 molliorem
632 1277 809 1314 vitam
837 1289 945 1315 non·
977 1277 1063 1315 ita
1099 1275 1318 1328 pridem
1344 1276 1539 1314 lineas
1569 1277 1792 1316 tunicas
1814 1276 1980 1331 ferre
2010 1277 2329 1319 desierunt:
2359 1292 2500 1319 verum

295 1367 386 1392 cum
415 1359 528 1390 antea
556 1349 718 1388 dixisset
748 1349 919 1399 Noster,
949 1356 1104 1388 veteres
1133 1349 1400 1388 Athenienses
1429 1347 1477 1386 ad
1507 1347 1651 1387 lautius
1685 1350 1882 1403 quoddam
1924 1350 2083 1390 vivendi
2127 1365 2254 1407 genus
2284 1355 2500 1408 transisse,

295 1430 508 1470 dicendum
539 1427 681 1466 deinde
709 1427 821 1480 prius
849 1434 961 1475 erat,
992 1440 1060 1466 eos
1088 1426 1224 1465 tulisse
1255 1415 1452 1480 ejusmodi
1481 1417 1660 1475 tunicas,
1691 1434 1899 1481 antequam
1929 1428 1976 1466 de
2006 1435 2187 1483 tempore
2218 1430 2392 1481 diceret,
2416 1447 2501 1486 quo

295 1516 477 1560 tempore
505 1505 614 1544 serre
639 1503 849 1542 desierint:
878 1503 1065 1542 sin‘vero
1094 1503 1216 1542 verba
1245 1503 1349 1543 διὰ
1377 1503 1443 1543 τὸ
1468 1488 1864 1558 ἁβροδίαιτον
1895 1519 1984 1543 cum
2016 1508 2367 1550 ἐπαύσαντο
2404 1524 2501 1550 con-

296 1585 460 1638 jungas,
491 1581 601 1634 quod
630 1588 669 1620 et
700 1580 805 1619 idem
836 1581 1091 1633 grammatica
1118 1581 1273 1619 ratione
1304 1579 1394 1617 fieri
1422 1593 1562 1632 posse,
1593 1579 1738 1629 docte,
1779 1588 1823 1618 ut
1852 1582 1926 1619 Vir
1957 1580 2023 1620 ille
2053 1583 2175 1631 solet,
2207 1586 2362 1624 monuit
2395 1587 2503 1640 Pop-

298 1674 380 1714 po,
409 1657 542 1697 verbis
573 1656 726 1695 scilicet
755 1659 805 1696 οὐ
835 1657 976 1705 πολὺς
1003 1657 1157 1713 χρόνος
1187 1656 1331 1704 ἐπειδή
1361 1655 1512 1694 mediae
1545 1657 1741 1704 orationi,
1773 1656 1871 1695 nibil
1902 1665 2047 1696 mutata
2077 1667 2298 1709 structura,
2328 1662 2502 1712 inserHs,

299 1744 344 1776 ut
372 1748 510 1776 sensus
538 1733 614 1772 sit:
644 1748 747 1774 non
777 1735 867 1774 ita
894 1735 1112 1786 pridem
1141 1736 1337 1774 lineas
1364 1735 1794 1790 tunicas-ferre
1822 1747 2056 1788 propter·
2093 1738 2396 1781 delicatam
2429 1746 2502 1783 vi-

300 1825 414 1855 tam
446 1813 774 1857 desim-unu
823 1809 866 1848 in
894 1822 943 1849 eo
973 1809 1146 1861 primum
1169 1809 1355 1848 'cernitur
1391 1808 1604 1848 difficultas
1637 1811 1854 1862 quaedam,
1896 1812 2005 1863 quod
2036 1812 2199 1852 delicata
2229 1815 2307 1853 vita
2337 1818 2377 1856 in
2409 1833 2501 1857 cau-

301 1890 354 1929 sis
382 1887 533 1936 suerit,
561 1893 608 1925 ut
634 1884 758 1924 lineas
784 1886 938 1926 tunicas
976 1885 1084 1924 ferre
1125 1885 1341 1931 desierint;
1382 1886 1423 1924 id
1465 1886 1574 1939 quod
1614 1901 1696 1925 non
1738 1886 1852 1926 facile
1891 1902 2129 1942 quemquam
2170 1890 2312 1931 dixisse
2342 1902 2500 1946 putem,

303 1965 452 2022 quippe
478 1963 597 2003 lineis
624 1961 770 2001 tunicis
802 1975 885 2001 non
914 1962 961 2001 ad
991 1963 1110 2001 vitam
1140 1963 1280 2002 rudem
1309 1970 1354 2002 et
1379 1962 1594 2013 incultam,
1633 1964 1702 2003 scd
1742 1965 1789 2003 ad
1819 1956 2085 2005 remissiorem
2116 1970 2251 2022 potius
2289 1977 2327 2009 et
2359 1971 2503 2012 lautio-

301 2057 388 2083 rem
414 2039 727 2096 pertinentibus:
758 2040 925 2089 deinde,
953 2040 987 2079 si
1016 2040 1280 2079 concedamus
1308 2042 1500 2089 maxime,
1532 2039 1655 2079 lineas
1684 2041 1838 2080 tunicas
1868 2050 2034 2095 propter
2063 2044 2272 2086 delicatum
2302 2047 2403 2086 vitae
2433 2064 2503 2103 ge„

303 2135 378 2160 nus
407 2118 505 2158 ferri
535 2116 724 2165 desiisse,
757 2124 798 2155 et
825 2116 999 2156 molliori
1029 2117 1145 2156 ctiam
1172 2117 1317 2156 vestitu
1353 2124 1611 2156 commutatas
1649 2118 1797 2166 fuisse,
1842 2134 1988 2158 novum
2019 2128 2147 2160 tamen
2180 2124 2308 2163 statim
2340 2125 2503 2167 dubium

303 2197 397 2238 iude
425 2196 578 2244 oritur,
611 2193 719 2254 quod
748 2194 796 2233 ad
824 2194 989 2234 verbum
1020 2178 1279 2237 e'vtazioavro
1310 2208 1392 2233 non
1422 2196 1831 2248 unum—participium
1861 2203 2100 2256 φοροῦντἐς
2133 2201 2317 2252 pertinet,
2348 2204 2416 2242 sed
2446 2205 2502 2243 21-

303 2282 436 2314 terum
464 2257 582 2312 etiam
612 2272 924 2327 ἀναδούμενοι,
954 2255 1062 2324 quod
1091 2285 1182 2310 mox
1212 2271 1414 2324 sequitur;
1447 2285 1546 2323 quae
1576 2272 1735 2330 quidem
1766 2287 1829 2311 res
1861 2274 2066 2321 efficeret,
2111 2284 2151 2314 ut
2182 2292 2261 2316 non
2295 2279 2420 2318 solum
2455 2282 2503 2321 li-

305 2364 399 2392 neas
426 2349 582 2389 tunicas
610 2346 743 2397 serre,
786 2362 927 2387 verum
966 2348 1084 2387 etiam
1126 2361 1278 2387 comam
1308 2347 1484 2387 molliori
1516 2347 1585 2387 illo
1617 2357 1656 2387 et
1684 2350 1933 2402 exquisitiori
1979 2350 2086 2390 cultu
2127 2352 2296 2408 religare
2326 2370 2502 2412 auroque

307 2441 500 2470 exornare
527 2437 698 2482 propter
723 2427 959 2467 delicatam
986 2429 1124 2467 vitam
1153 2425 1357 2466 desierint.
1415 2425 1651 2473 Postremo,
1691 2427 1819 2466 missis
1852 2428 1911 2466 his
1953 2428 2159 2477 omnibus,
2201 2433 2366 2470 maxima
2395 2435 2502 2473 disfi-

308 2506 432 2547 cultas
462 2518 510 2544 ex
536 2511 763 2556 temporum
803 2500 959 2541 ratione
996 2501 1151 2541 oritur:
1195 2502 1342 2542 etenim
1385 2502 1417 2540 si
1456 2502 1788 2556 interpretamur,
1831 2504 2094 2545 Athenienses
2139 2520 2218 2545 non
2257 2508 2309 2547 ita
2348 2511 2502 2564 pridem

306 2591 474 2639 propter
502 2580 708 2619 delicatam
725 2579 842 2618 vitam
876 2579 1038 2617 desiisse
1066 2578 1189 2617 lineas
1219 2579 1372 2616 tunicas
1401 2579 1522 2626 serre,
1554 2581 1720 2627 scilicet,
1738 2590 1781 2619 ut
1797 2583 2000 2635 Popponis
2027 2591 2114 2621 utar
2144 2584 2287 2634 verbis,
2321 2601 2420 2639 quae
2437 2590 2503 2630 ille

308 2658 575 2701 declarandae
596 2655 816 2696 sententiae
848 2669 963 2695 causa
993 2655 1166 2708 adjecit,
1203 2643 1438 2695 »delicatam
1473 2657 1616 2705 vitam,
1654 2673 1768 2712 quam
1812 2659 1956 2712 degere
2000 2660 2272 2712 incipiebant,
2325 2664 2366 2704 id
2402 2667 2504 2706 esse-

307 2738 492 2782 »‘cisse«;
520 2740 707 2787 apparet,
737 2732 1017 2787 Thucydidem
1048 2732 1218 2780 dixisse,
1248 2733 1369 2771 vitam
1401 2732 1621 2783 barbaram,
1650 2717 1792 2774 rudem
1821 2735 1926 2774 illam
1958 2743 1996 2773 et
2025 2735 2227 2787 incultam,
2258 2738 2299 2778 in
2329 2755 2403 2794 qua
2433 2744 2503 2784 dc-

307 2812 475 2854 serenda
501 2810 622 2864 primi
659 2816 772 2849 erant
797 2809 1090 2857 Athenienses,
1131 2808 1237 2861 apud
1267 2808 1446 2847 Graecos
1481 2811 1622 2849 eodem
1660 2811 1744 2849 fere
1773 2819 1952 2865 tempore
1983 2812 2166 2861 desiisse,
2201 2827 2282 2866 quo
2320 2823 2504 2873 tempore

309 2888 578 2930 Athenienses
605 2884 730 2927 lineas
758 2886 912 2927 tunicas
945 2884 1217 2941 deponerent:
1247 2885 1315 2925 has
1344 2893 1475 2926 autem
1505 2887 1702 2941 depositas
1732 2902 1814 2928 non
1843 2893 1893 2927 ita
1926 2888 2078 2942 pridem
2099 2888 2170 2944 (οὐ
2199 2893 2338 2945 πολὺς
2352 2897 2507 2953 χρόνος

574 2975 630 3017 3*
