2802 3280
238 413 335 445 tare
363 411 536 448 munus,
564 402 701 437 nostra
727 394 865 449 lingua
893 395 1022 437 ihren
1052 391 1252 445 Dienst,·
1276 391 1432 441 Gallice
1456 393 1553 435 leur
1579 392 1772 441 service,-
1799 399 1885 432 nou
1910 388 2061 446 liquet,
2103 390 2202 447 quid
2229 392 2293 433 his
2319 392 2464 435 mnitiss

238 479 313 518 hus
348 490 448 530 opus
478 476 529 514 sit
561 485 705 513 navare
734 470 982 524 reipublicae
1011 482 1198 523 operam,
1229 470 1327 522 quid
1357 483 1457 523 opus
1484 469 1537 508 sit
1566 468 1667 508 duce
1697 469 1740 509 P.
1771 469 1987 523 Scipione,
2032 469 2082 509 ad
2109 469 2325 511 finiendam
2346 469 2463 525 'ejus-

240 553 350 593 modi
378 550 584 598 militiam,
625 561 726 601 quae
758 548 1027 585 diciturssesse
1056 546 1325 600 ignominiosa
1358 553 1397 585 et
1427 546 1491 585 cui
1533 547 1667 599 itaque
1699 546 1884 599 adspersa
1921 545 2045 585 semel
2085 546 2332 602 ignominiae
2365 553 2463 588 nota

241 630 449 669 inhaerere
481 633 707 679 perpetuo,
738 624 978 663 ostenditur.
1038 624 1296 676 Quocunque
1324 637 1421 662 vero
1451 623 1572 661 modo
1601 630 1800 661 vertamus
1834 623 1918 662 sive
1947 624 2261 676 interpretemur
2298 623 2462 674 locum,

240 704 523 751 haerebimus,
554 700 626 740 ubi
654 700 961 755 conjunguntur
990 698 1113 738 verba
1129 698 1344 755 finire
1372 692 1679 747 militiam,
1725 711 1827 750 quae
1871 706 2005 738 tamen
2044 712 2091 738 ex
2123 706 2234 739 recta
2271 700 2464 753 loquendi
2526 729 2534 736 ,

241 780 523 831 scribendique
554 777 711 816 ratione
742 788 862 814 sensu
892 774 940 813 ab
979 774 1150 813 invicem
1188 774 1349 829 sejungi
1390 788 1471 814 non
1510 781 1705 829 possunt:
1742 773 2016 824 haerebimus,
2059 774 2246 829 inquam3
2271 774 2464 830 'namque

240 858 356 898 finire
386 855 567 895 militiam
599 860 637 892 et
667 852 768 891 duce
800 850 1009 904 quolibet,
1040 863 1170 903 neque
1200 850 1282 890 ulla
1312 851 1478 890 omnino
1507 858 1645 890 navata
1674 849 1919 904 reipublicae
1948 863 2096 904 opera,
2124 852 2270 892 milites
2300 852 2359 892 illi
2386 866 2462 907 po-

240 940 398 977 terant;
430 932 512 970 imo
544 943 685 968 eorum
716 928 896 981 ipsorum
925 927 1128 966 neminem
1159 926 1361 966 dubitasse
1390 934 1553 980 putem,
1597 927 1694 980 quin
1738 927 1918 966 militiam
1955 934 2016 967 sat
2055 941 2258 982 superque
2282 925 2463 983 'ignomi-

242 1013 394 1051 niosam
426 1009 479 1047 ita
509 1006 626 1046 finire
658 1005 825 1059 possint.
899 1000 1052 1068 Ye‘rum
1084 1004 1190 1043 enim
1220 1018 1318 1043 vero
1345 1003 1442 1043 haec
1471 1003 1566 1044 licet
1595 1004 1650 1044 ita
1678 1004 1778 1053 sint,
1824 1003 1994 1044 multum
2036 1003 2148 1045 abest
2182 996 2341 1056 tamen,
2386 1014 2461 1058 ut,

241 1088 338 1141 quid
367 1085 502 1124 Livius
533 1090 672 1122 noster
700 1080 899 1130 voluerit,
931 1079 1095 1119 difficile
1123 1080 1175 1118 sit
1204 1080 1424 1134 attingere;
1466 1080 1548 1120 imo
1592 1081 1658 1119 vix
1697 1093 1936 1134 quemquam
1974 1081 2063 1120 fore
2104 1081 2287 1123 existimo
2307 1111 2319 1133 ‚
2363 1083 2463 1136 quin

239 1164 373 1204 statim
407 1160 623 1213 intelligat,
673 1157 909 1211 superstites
939 1156 1028 1196 illos
1063 1156 1210 1196 milites
1241 1153 1432 1206 credere,
1476 1156 1578 1196 duce
1619 1157 1663 1196 P.
1708 1157 1924 1211 Scipione,
1963 1165 2004 1198 et
2039 1158 2178 1199 navata
2214 1158 2462 1214 reipublicae

241 1254 387 1294 opera,
421 1241 563 1281 delere
593 1238 682 1279 sive
713 1249 924 1289 reparare
953 1248 997 1276 se
1023 1249 1143 1288 posse
1173 1236 1485 1288 ignominiam,
1530 1233 1646 1286 cujus
1683 1246 1731 1274 ex
1778 1232 1981 1275 Cannensi
2021 1233 2086 1275 die
2121 1242 2257 1276 notam
2296 1249 2462 1290 aecepe-

241 1324 342 1359 rant.
403 1316 462 1354 Ex
489 1313 562 1352 hac
593 1310 928 1364 interpretatione
956 1308 1088 1348 statim
1119 1315 1303 1361 apparet,
1344 1309 1466 1361 quid,
1511 1309 1581 1362 qui
1610 1322 1792 1349 resecare
1822 1308 1871 1349 ad
1900 1309 2034 1350 vivum
2064 1311 2198 1350 omnia
2234 1310 2461 1362 voluerint,

240 1398 282 1435 in
312 1393 413 1434 Livii
445 1388 722 1431 enuntiatione
752 1384 1071 1439 reprehendant:
1103 1398 1195 1423 cum
1223 1384 1376 1424 scilicet
1405 1384 1627 1438 composita
1655 1398 1703 1424 ex
1734 1384 1887 1425 duabus
1919 1384 2177 1435 notionibus,
2219 1389 2463 1441 ignominia

241 1480 280 1511 et
310 1473 494 1516 militia,
532 1466 664 1504 animo
695 1464 819 1516 ipsius
849 1462 937 1502 idea
964 1461 1271 1510 obversaretur,
1320 1461 1434 1514 cujus
1472 1461 1610 1514 potior
1651 1476 1742 1515 pars
1782 1462 2031 1502 substantivo
2068 1462 2298 1512 reddenda,
2339 1462 2461 1504 altera

242 1548 458 1601 subjuncto
491 1542 574 1582 sive
604 1541 803 1595 adjectivo
846 1539 930 1578 sive
960 1537 1124 1577 alterius
1153 1536 1390 1577 substantivi
1420 1537 1599 1592 genitivo
1639 1552 1730 1578 casu
1770 1539 2027 1593 exprimenda
2066 1545 2192 1587 esset;
2229 1539 2283 1579 ita
2320 1539 2462 1580 harum

241 1625 414 1679 partium
444 1621 551 1660 vices
582 1618 756 1670 scriptor
788 1615 995 1663 confudit,
1024 1621 1070 1652 ut
1098 1614 1298 1667 potiorem
1329 1611 1447 1666 quam
1478 1614 1675 1664 diximus,
1712 1615 1931 1669 adjectivo,
1962 1616 2123 1656 alteram
2151 1629 2249 1656 vero
2278 1616 2461 1658 substan-

241 1703 325 1741 filo
356 1698 586 1744 “limeret‘’
619 1701 738 1746 atque
769 1693 1206 1747 ignomini⁰³am
1234 1692 1500 1733 militiam
1527 1704 1602 1744 Pro
1631 1694 1867 1741 militatem
1896 1695 2182 1749 ignominiam
2223 1692 2306 1733 sive
2337 1696 2460 1747 igno·

240 1780 424 1822 minium
453 1775 639 1815 militiae
668 1769 885 1822 scripserit.

359 1853 414 1891 Hi
447 1850 527 1889 duo
557 1847 637 1886 loci
668 1852 811 1898 sponte
843 1844 956 1896 quasi
985 1843 1165 1892 aderant,
1192 1850 1238 1882 ut
1267 1842 1323 1892 id,
1353 1842 1462 1895 quod
1492 1843 1625 1883 obiter
1652 1844 1843 1895 dixeram,
1873 1844 2200 1899 allatoexemplo
2229 1844 2459 1899 probarem.

243 1931 434 1970 Ceterum
463 1941 546 1965 non
576 1932 635 1962 est
664 1923 765 1960 tanti
792 1935 884 1969 res,
915 1928 961 1959 ut
990 1921 1087 1960 alios
1120 1933 1282 1973 quoque
1311 1920 1394 1958 sive
1421 1920 1524 1958 Livii
1553 1921 1638 1959 sive
1668 1921 1839 1960 aliorum
1867 1922 2112 1975 scriptorum
2143 1922 2322 1962 evolvam
2353 1924 2460 1976 ejus-

241 2008 332 2045 dem
364 2004 522 2059 generis
552 2001 665 2040 locos
683 2028 695 2048 ,
729 2013 830 2051 quos
861 1998 991 2052 quivis
1019 1997 1139 2052 paulo
1169 1997 1358 2037 attentius
1388 1998 1622 2038 Latinorum
1651 1998 1829 2052 itemque
1867 1999 2120 2055 Graecorum
2159 1998 2285 2040 libros
2321 2000 2460 2056 legens

241 2083 360 2122 saeile
390 2082 476 2136 ipse
506 2077 804 2119 animadvertet.

1187 2486 1288 2527 Cat.
1317 2484 1519 2537 XXXVII.
1713 2501 1736 2511 -·

356 2559 844 2614 Praeter-conjurationis
876 2557 1132 2600 Catilinariae
1163 2562 1324 2610 socios,
1371 2574 1544 2614 quorum
1581 2558 1789 2614 praecipui
1830 2559 2054 2600 enumerati
2091 2564 2185 2599 sunt
2221 2572 2342 2615 supra
2371 2572 2454 2614 cap.

240 2642 379 2692 xvu,
411 2640 478 2681 alii
508 2651 670 2694 quoque
701 2635 822 2691 louge
854 2635 1017 2691 plurimi
1061 2644 1101 2676 et
1142 2644 1284 2678 cuncta
1325 2637 1411 2678 sere
1444 2637 1582 2691 plebes
1622 2635 1816 2677 Catilinae
1857 2637 2027 2693 inceptis
2064 2636 2260 2678 favebant.
2330 2635 2457 2692 Cujus

239 2720 341 2758 tanti
371 2719 463 2758 mali
498 2731 633 2757 causas
664 2715 875 2754 Sallustius
916 2715 969 2753 ita
997 2722 1212 2764 recenset,
1256 2722 1302 2754 ut
1338 2715 1496 2769 possint
1536 2728 1675 2755 omnes
1716 2714 1765 2753 ad
1804 2706 1898 2754 tria>
1920 2715 2088 2755 maxime
2129 2715 2257 2768 capita
2294 2713 2457 2763 referri,

241 2810 399 2835 morum
430 2794 720 2848 corruptelam,
749 2792 926 2846 inopiam
958 2799 1076 2844 atque
1106 2799 1406 2845 paupertatem,
1437 2799 1477 2831 et
1504 2806 1615 2846 spem
1644 2792 1897 2841 immensam,
1922 2806 2038 2845 quam
2065 2791 2202 2831 miseri
2230 2790 2380 2843 quique
2409 2803 2457 2829 ex

239 2872 355 2912 novis
394 2871 516 2912 rebus
557 2876 826 2923 conceperant
871 2867 1136 2923 (homines
1179 2873 1442 2923 egentis,
1484 2871 1658 2914 malis
1694 2869 1978 2924 moribus,
2020 2882 2286 2913 maxuma
2328 2865 2457 2922 spe).
