2802 3280
1192 225 1262 238 ....
1328 199 1382 252 11
1446 200 1517 242 ..ἶ-

238 376 477 433 cupidorum
507 383 548 418 et
575 374 865 421 malevolorum
892 373 1104 415 hominum
1130 373 1390 415 immodestos
1420 381 1461 414 et
1497 373 1793 417 inverecundos
1819 376 2018 421 clamores
2055 386 2125 421 aut
2151 382 2461 427 vociferationes

237 465 476 506 attenderet.
535 464 622 504 lmo
651 463 757 516 siqui
787 462 886 503 boni
915 469 956 502 et
996 461 1147 520 integri
1173 461 1357 503 homines
1387 462 1437 503 de
1475 462 1598 503 rebus
1637 463 1839 505 mutandis
1877 480 1990 507 suam
2029 481 2187 509 mecum
2221 472 2460 513 senteutiam

237 551 609 601 communicarent,
651 549 738 605 ipse
764 548 860 590 lieet
888 548 1122 604 imperitus,
1159 557 1293 590 tamen
1324 562 1408 590 uon
1447 562 1541 589 raro
1581 548 1882 605 intelligebam,
1933 552 1968 593 si
2009 566 2058 594 ex
2089 554 2236 597 borum
2279 558 2459 600 virorum

235 642 369 680 animo
398 652 463 679 res
493 639 591 678 istae
620 644 892 693 gererentur,
931 650 996 677 eas
1036 636 1079 677 in
1114 637 1228 691 pejus
1265 636 1401 691 potius
1443 649 1562 691 quam
1606 636 1650 676 in
1690 636 1834 678 melius
1868 646 2038 680 mutatas
2073 639 2209 683 fuisse.
2276 646 2457 699 Verum,

233 725 431 780 quidquid
460 725 606 765 horum
635 724 783 775 fuerit,
821 730 957 765 secuta
988 730 1048 764 est
1076 723 1289 764 conversio
1317 721 1506 777 BelgiCa‚
1547 721 1596 762 de
1637 737 1715 776 ‘1¹¹³
1744 705 1826 764 ¹¹²⁰*
1856 723 1976 779 huius
2013 724 2096 767 ¹⁰⁰5
2135 736 2196 769 θεῖ
2234 730 2455 785 difflueres

232 821 272 853 et
301 827 378 868 ego
409 816 576 852 omnino
604 810 803 865 judicium
834 810 882 849 ab
914 810 1000 850 aliis
1030 824 1150 864 quam
1179 823 1201 849 a
1228 823 1292 850 me
1326 809 1406 850 dici
1434 809 1550 850 malo.
1609 811 1720 850 Inter
1747 804 1897 852 medias
1924 811 2081 864 turbas,
2111 815 2248 858 multis
2275 818 2455 874 undique

228 900 380 950 rebus,
409 907 456 940 ut
488 898 575 938 sere
605 882 733 948 solet,
765 896 931 953 sceleste
960 896 1149 951 patratis,
1179 910 1300 937 nemO
1331 904 1416 937 “at
1443 896 1669 949 bonorum,
1715 912 1817 951 q¹¹⁰⁸
1854 913 1931 954 080
1965 899 2105 941 ‘sstem
2138 901 2217 944 ini-³
2259 882 2454 960 ωιι’1)οἺΓῦ

227 986 303 1027 bus
331 985 444 1035 vidi,
473 983 572 1038 quin
601 997 759 1024 mecum
788 991 996 1038 speraret,
1026 983 1115 1023 sore
1144 990 1191 1023 ut
1219 982 1268 1022 ad
1297 983 1512 1037 pristinum
1542 998 1680 1025 rerum
1713 985 1897 1025 ordinem
1931 988 2065 1028 omnia
2091 990 2240 1032 sensim
2273 1002 2452 1037 reverte-

227 1081 390 1114 rentur:
422 1084 539 1125 quam
571 1078 611 1110 et
640 1072 764 1125 ipsam
793 1086 905 1125 spem
935 1070 1071 1110 falsam
1102 1070 1224 1110 fuisse
1253 1078 1420 1110 eventus
1451 1071 1600 1111 docuit.
1678 1071 1781 1113 Cum
1810 1066 1944 1127 itaque
1982 1074 2125 1129 elapsis
2156 1079 2309 1133 aliquot
2339 1097 2451 1124 men-

226 1161 336 1201 sibus
367 1174 484 1213 spes,
516 1158 605 1197 sore
634 1166 679 1197 ut
707 1158 932 1211 legitimum
960 1158 1085 1210 Regis
1115 1157 1329 1210 imperium
1357 1158 1539 1207 rediret,
1576 1158 1664 1196 sere
1705 1161 1835 1199 omnis
1866 1163 2118 1214 evanuisset,
2162 1166 2362 1223 simulque
2391 1172 2451 1213 illi

224 1248 431 1297 homines,
464 1247 534 1300 qui
562 1254 646 1284 tum
674 1245 873 1284 Bruxellis
903 1259 1075 1284 summas
1103 1259 1239 1283 rerum
1271 1243 1461 1284 tenebant
1479 1273 1491 1294 ,
1536 1259 1629 1284 cum
1659 1245 1757 1286 alios
1788 1246 1984 1301 plurimos
2013 1256 2099 1290 tum
2128 1266 2191 1297 me
2221 1255 2449 1312 multosque

224 1335 472 1390 collegarum
503 1347 524 1373 a
553 1347 721 1372 munere
751 1331 916 1386 publico
946 1332 1096 1372 indicta
1127 1346 1242 1371 causa
1271 1332 1535 1381 amovissent,
1582 1340 1623 1372 et
1662 1333 1742 1386 jam
1771 1348 1854 1374 non
1897 1335 2066 1390 amplius
2108 1337 2250 1380 liceret
2286 1344 2328 1383 in
2368 1341 2448 1387 illis

224 1422 343 1462 terris
375 1420 542 1475 Optimo
571 1419 676 1474 Regi
704 1418 934 1459 inviolatam
963 1433 1071 1458 suam
1103 1418 1221 1458 fidem
1251 1425 1432 1467 servare,
1464 1432 1541 1473 ego
1571 1432 1727 1459 memor
1756 1419 2067 1473 beneficiorum,
2108 1427 2253 1479 quibus
2283 1430 2331 1470 ab
2361 1433 2448 1473 Au-

222 1508 455 1564 gustissimo
487 1506 588 1546 Viro
622 1505 844 1545 cumulatus
874 1519 1026 1556 essem,
1056 1506 1262 1558 sanctique
1289 1504 1555 1555 sacramenti,
1595 1520 1675 1557 quo
1708 1508 1811 1561 Regi
1845 1516 1884 1547 ct
1914 1508 2072 1564 legibus
2103 1512 2220 1554 fidem
2254 1517 2448 1561 divinxis-

221 1611 330 1644 sem,
362 1594 498 1635 amicis
529 1594 770 1637 suavissimis
800 1601 839 1632 et
868 1608 970 1632 nova
1000 1592 1153 1645 patria,
1184 1591 1310 1639 eheu,
1342 1592 1473 1630 valere
1501 1592 1644 1645 jussis,
1687 1608 1804 1645 quam
1835 1596 2009 1648 primum
2042 1600 2157 1650 potui
2198 1602 2240 1641 in
2272 1605 2442 1647 Germa-

220 1684 327 1724 niam
357 1696 421 1721 me
451 1675 599 1733 recepi.
659 1681 767 1719 idem
802 1680 935 1719 secere
964 1680 1078 1719 multi
1107 1679 1378 1733 collegarun1;
1407 1694 1578 1732 namque
1610 1694 1631 1718 a
1662 1681 1774 1733 Rege
1803 1695 1876 1720 suo
1907 1691 2074 1736 propter
2101 1687 2299 1739 privatum
2331 1706 2442 1734 emo-

217 1770 443 1810 lumentum
471 1768 642 1807 deficere
672 1767 817 1806 divinis
847 1775 887 1806 et
915 1768 1096 1807 humanis
1127 1767 1308 1821 legibus,
1352 1766 1395 1804 id
1425 1766 1533 1819 quod
1562 1766 1738 1807 libenter
1764 1770 1988 1822 profiteor,
2028 1772 2140 1814 nefas
2175 1788 2261 1817 esse
2306 1780 2442 1821 existi-

217 1857 424 1897 mavimus.

328 1943 422 1982 Non
452 1941 506 1980 ita
537 1940 693 1995 pridem
726 1944 912 1984 Carolus
939 1943 1215 1991 Bernh'ardi‚
1245 1940 1321 1979 Vir
1351 1939 1647 1990 Doctissimu8‚
1689 1941 1880 1995 omnique
1911 1956 1998 1983 mea
2027 1941 2142 1986 laude
2171 1947 2292 2005 longe
2321 1967 2438 2008 prae-

215 2031 412 2078 stantior,
440 2029 709 2068 bibliothecae
741 2029 1002 2068 Lovanicnsis
1032 2028 1290 2076 Praefectus,
1329 2041 1349 2066 a
1379 2028 1645 2068 Serenissimo
1677 2029 1840 2069 Ilassiae
1880 2030 2067 2071 Electore
2099 2033 2140 2074 in
2170 2039 2338 2090 patriam
2368 2056 2439 2083 vo-

216 2126 330 2158 catus
387 2116 663 2156 Celeberrimo
716 2119 878 2158 Jacobo
927 2119 1094 2158 Grimm
1161 2116 1202 2154 in
1258 2114 1525 2154 bibliothecae
1574 2115 1823 2155 Cassellanae
1872 2118 2123 2171 praefectura
2177 2136 2433 2168 successerat.

215 2207 338 2246 Hunc
367 2205 465 2243 mihi
496 2212 587 2243 ante
614 2205 687 2244 hos
719 2205 929 2243 duodecim
959 2218 1084 2244 annos
1116 2204 1287 2243 amicum
1317 2202 1456 2242 divino
1484 2217 1652 2243 munere
1683 2204 1900 2259 obtigisse,
1943 2220 2060 2261 saepe
2095 2211 2252 2264 saepius
2292 2213 2437 2256 luben-

214 2300 279 2332 ter
309 2299 506 2347 gratoque
538 2291 671 2330 animo
700 2291 907 2345 profiteor.
966 2291 1028 2331 Ab
1057 2305 1105 2330 eo
1137 2290 1420 2331 humanissime
1462 2289 1653 2331 invitatus
1690 2305 1798 2355 anno
1839 2293 2020 2344 proxime
2063 2294 2199 2351 elapso
2231 2299 2435 2352 cassella,

214 2381 334 2428 veni,
366 2387 412 2418 ut
442 2357 491 2418 de
522 2377 643 2418 rebus
671 2379 769 2418 meis
801 2392 1012 2419 commuue
1042 2379 1255 2439 consilium
1281 2377 1485 2419 iniremus.
1542 2378 1665 2418 Brevi
1697 2386 1788 2433 post
1817 2384 1933 2436 Aug,
1966 2383 2218 2438 Vilmarus,
2249 2388 2324 2428 Vir
2351 2390 2434 2430 Re-

214 2467 435 2515 verendus,
469 2466 682 2521 Gymnasii
713 2467 1008 2506 llersseldeusis
1038 2468 1306 2520 Praeceptor,
1340 2480 1458 2519 quem
1488 2466 1625 2506 nescio
1658 2480 1739 2519 quo
1768 2467 1949 2518 nomine,
1995 2476 2139 2510 utrum.
2163 2471 2313 2528 insigni
2342 2490 2430 2516 om-

212 2555 275 2594 nis
302 2553 462 2607 generis
490 2553 702 2602 doctrina,
734 2569 781 2593 an
812 2554 919 2593 felici
950 2553 1066 2607 plane
1094 2553 1136 2592 in
1167 2553 1350 2593 docendo
1372 2552 1653 2602 dexteritate,
1697 2567 1749 2594 an
1780 2554 1978 2595 indefessa
2010 2555 2245 2611 diligentia,
2285 2575 2335 2604 an
2371 2563 2432 2603 vi-

210 2641 278 2682 rili
306 2641 491 2691 fervore,
521 2641 735 2694 prudentia
764 2641 971 2681 moderato
1001 2640 1098 2690 illo,
1145 2654 1225 2693 quo
1266 2641 1400 2681 omnia
1438 2640 1544 2681 bona
1580 2641 1840 2695 prosequitur
1878 2649 1917 2681 et
1949 2625 2130 2697 adjuyat,
2176 2660 2225 2688 au
2257 2648 2431 2703 denique

212 2742 306 2769 vera
335 2728 423 2778 illa,
467 2742 583 2781 quam
621 2727 731 2767 domi
771 2728 877 2782 apud
908 2728 1190 2768 Venerabilem
1225 2735 1378 2783 patrem
1410 2728 1573 2779 didicit,
1618 2727 1843 2769 Christiana
1882 2729 2027 2784 pietate
2073 2732 2217 2786 majori
2263 2735 2430 2791 dignum

208 2815 325 2858 laude
354 2816 576 2856 existimem
593 2846 604 2868 ,
635 2815 837 2859 Yilmarus
867 2799 1014 2872 itaque,
1031 2831 1081 2858 eo
1109 2824 1292 2870 tempore
1324 2816 1372 2857 ab
1387 2815 1740 2858 Ilersseldensibus
1769 2817 1818 2859 ad
1848 2819 2062 2860 concilium
2086 2819 2287 2861 ordinum
2309 2822 2428 2881 Elec-
